
@article{abrahamsenConfrontingInternationalPolitical2020,
  title = {Confronting the {{International Political Sociology}} of the {{New Right}}},
  author = {Abrahamsen, Rita and Drolet, Jean-Fran{\c c}ois and Gheciu, Alexandra and Narita, Karin and Vucetic, Srdjan and Williams, Michael},
  year = {2020},
  month = mar,
  volume = {14},
  pages = {94--107},
  publisher = {{Oxford Academic; http://web.archive.org/web/20200409190242/https://academic.oup.com/ips/article-abstract/14/1/94/5733118?redirectedFrom=fulltext}},
  issn = {1749-5679},
  doi = {10.1093/ips/olaa001},
  journal = {Int Polit Sociol}
}

@article{abramsDataRichnessTradeOffs2015,
  title = {Data {{Richness Trade}}-{{Offs Between Face}}-to-{{Face}}, {{Online Audiovisual}}, and {{Online Text}}-{{Only Focus Groups}}},
  author = {Abrams, Katie M. and Wang, Zongyuan and Song, Yoo Jin and {Galindo-Gonzalez}, Sebastian},
  year = {2015},
  month = feb,
  volume = {33},
  pages = {80--96},
  issn = {0894-4393, 1552-8286},
  doi = {10.1177/0894439313519733},
  journal = {Social Science Computer Review}
}

@book{acmconferenceonhypertextsocialmediaHT15Proceedings2015,
  title = {{{HT}}'15: Proceedings of 26th {{ACM Conference}} on {{Hypertext}} \& {{Social Media}}: {{September}} 1-4, 2015, {{Guzelyurt}}, {{Northern Cyprus}}},
  shorttitle = {{{HT}}'15},
  author = {{ACM Conference on Hypertext \& Social Media}},
  year = {2015},
  publisher = {{Association for Computing Machinery}},
  address = {{New York, NY}},
  collaborator = {{Association for Computing Machinery} and {Association for Computing Machinery}},
  isbn = {978-1-4503-3395-5 978-1-4503-4026-7 978-1-4503-3628-4}
}

@article{ActorNetworkTheory2020,
  title = {Actor\textendash Network Theory},
  year = {2020},
  month = mar,
  copyright = {Creative Commons Attribution-ShareAlike License},
  journal = {Wikipedia}
}

@article{adamGenderComputerEthics2000,
  title = {Gender and Computer Ethics in the Internet Age},
  author = {Adam, Alison},
  year = {2000},
  volume = {18},
  journal = {Computer Professionals for Social Responsibility}
}

@book{adamGenderEthicsInformation2005,
  title = {Gender, {{Ethics}} and {{Information Technology}}},
  author = {Adam, Alison},
  year = {2005},
  publisher = {{Palgrave Macmillan UK}},
  address = {{London}},
  doi = {10.1057/9780230000520},
  isbn = {978-1-349-51209-6 978-0-230-00052-0}
}

@misc{AdoptionDiffusionKee,
  title = {Adoption and {{Diffusion}} - {{Kee}} - - {{Major Reference Works}} - {{Wiley Online Library}}},
  howpublished = {https://doi.org/10.1002/9781118955567.wbieoc058},
  keywords = {archived}
}

@misc{affairsAnalysisGlobalFar,
  title = {Analysis | {{The}} Global Far Right Is Here to Stay},
  author = {covering foreign {affairs}, Ishaan Tharoor closeIshaan TharoorColumnist and {geopolitics} and {historyEmailEmailBioBioFollowFollow}},
  howpublished = {https://www.washingtonpost.com/world/2019/05/29/global-far-right-is-here-stay/},
  journal = {Washington Post}
}

@book{ahrensHowTakeSmart2017,
  title = {How to Take Smart Notes: One Simple Technique to Boost Writing, Learning and Thinking - for Students, Academics and Nonfiction Book Writers},
  shorttitle = {How to Take Smart Notes},
  author = {Ahrens, S{\"o}nke},
  year = {2017},
  isbn = {978-1-5428-6650-7}
}

@article{al-rahayfehEyeTrackingHead2013,
  title = {Eye {{Tracking}} and {{Head Movement Detection}}: {{A State}}-of-{{Art Survey}}},
  shorttitle = {Eye {{Tracking}} and {{Head Movement Detection}}},
  author = {{Al-Rahayfeh}, Amer and Faezipour, Miad},
  year = {2013},
  volume = {1},
  pages = {2100212--2100212},
  issn = {2168-2372},
  doi = {10.1109/JTEHM.2013.2289879},
  journal = {IEEE Journal of Translational Engineering in Health and Medicine},
  keywords = {Accuracy,biomechanics,Cameras,Classification algorithms,driving assistance systems,effective interaction method,electro-oculography,electrooculography,eye detection,Eye tracking,eye tracking detection,eye-gaze detection,Head movement,head movement detection,human computer interaction,human-computer interaction,medical signal processing,minimal motor abilities,Real-time systems,signal processing,simple interaction method,state-of-art survey,Tracking}
}

@article{alizadehPsychologyMoralityPolitical2019,
  title = {Psychology and Morality of Political Extremists: Evidence from {{Twitter}} Language Analysis of Alt-Right and {{Antifa}}},
  shorttitle = {Psychology and Morality of Political Extremists},
  author = {Alizadeh, Meysam and Weber, Ingmar and {Cioffi-Revilla}, Claudio and Fortunato, Santo and Macy, Michael},
  year = {2019},
  month = dec,
  volume = {8},
  pages = {17},
  issn = {2193-1127},
  doi = {10.1140/epjds/s13688-019-0193-9},
  journal = {EPJ Data Sci.},
  keywords = {archived}
}

@misc{andrewanglinNormieGuideAltRight,
  title = {A {{Normie}}'s {{Guide}} to the {{Alt}}-{{Right}}},
  author = {Andrew Anglin},
  journal = {Daily Stormer}
}

@misc{anti-defamationleagueAltRightAlt,
  title = {From {{Alt Right}} to {{Alt Lite}}: {{Naming}} the {{Hate}}},
  shorttitle = {From {{Alt Right}} to {{Alt Lite}}},
  author = {{Anti-Defamation League}},
  howpublished = {https://www.adl.org/resources/backgrounders/from-alt-right-to-alt-lite-naming-the-hate},
  journal = {Anti-Defamation League}
}

@misc{antifascistfrontMeetAltLite2016,
  title = {Meet the {{Alt Lite}}, the {{People Mainstreaming}} the {{Alt Right}}'s {{White Nationalism}}},
  author = {{antifascistfront}},
  year = {2016},
  month = nov,
  journal = {Anti-Fascist News}
}

@article{arnsteinLadderCitizenParticipation1969,
  title = {A {{Ladder Of Citizen Participation}}},
  author = {Arnstein, Sherry R.},
  year = {1969},
  month = jul,
  volume = {35},
  pages = {216--224},
  issn = {0002-8991},
  doi = {10.1080/01944366908977225},
  journal = {Journal of the American Institute of Planners}
}

@inproceedings{arrowDifficultyConceptSocial1950,
  title = {A {{Difficulty}} in the {{Concept}} of {{Social Welfare}}},
  author = {Arrow, Kenneth J.},
  year = {1950},
  doi = {10.1086/256963}
}

@article{astonCommunityDetectionDynamic2014,
  title = {Community {{Detection}} in {{Dynamic Social Networks}}},
  author = {Aston, Nathan and Hu, Wei},
  year = {2014},
  month = may,
  volume = {2014},
  publisher = {{Scientific Research Publishing; http://web.archive.org/web/20200516231326/https://www.scirp.org/journal/PaperInformation.aspx?PaperID=46372}},
  issn = {1947-3826},
  doi = {10.4236/cn.2014.62015},
  journal = {Communications and Network}
}

@article{atheyMachineLearningMethods2019,
  title = {Machine {{Learning Methods Economists Should Know About}}},
  author = {Athey, Susan and Imbens, Guido},
  year = {2019},
  month = mar,
  archivePrefix = {arXiv},
  eprint = {1903.10075},
  eprinttype = {arxiv},
  journal = {arXiv:1903.10075 [econ, stat]},
  keywords = {Economics - Econometrics,Statistics - Machine Learning},
  primaryClass = {econ, stat}
}

@article{attaiTwitterSocialMedia2015,
  title = {Twitter {{Social Media}} Is an {{Effective Tool}} for {{Breast Cancer Patient Education}} and {{Support}}: {{Patient}}-{{Reported Outcomes}} by {{Survey}}},
  shorttitle = {Twitter {{Social Media}} Is an {{Effective Tool}} for {{Breast Cancer Patient Education}} and {{Support}}},
  author = {Attai, Deanna J. and Cowher, Michael S. and {Al-Hamadani}, Mohammed and Schoger, Jody M. and Staley, Alicia C. and Landercasper, Jeffrey},
  year = {2015},
  volume = {17},
  pages = {e188},
  publisher = {{JMIR Publications Inc., Toronto, Canada}},
  doi = {10.2196/jmir.4721},
  journal = {Journal of Medical Internet Research}
}

@article{awadCrowdsourcingMoralMachines2020,
  title = {Crowdsourcing Moral Machines},
  author = {Awad, Edmond and Dsouza, Sohan and Bonnefon, Jean-Fran{\c c}ois and Shariff, Azim and Rahwan, Iyad},
  year = {2020},
  month = feb,
  volume = {63},
  pages = {48--55},
  issn = {0001-0782, 1557-7317},
  doi = {10.1145/3339904},
  journal = {Commun. ACM}
}

@article{azaouziCommunityDetectionLargescale2019,
  title = {Community Detection in Large-Scale Social Networks: State-of-the-Art and Future Directions},
  shorttitle = {Community Detection in Large-Scale Social Networks},
  author = {Azaouzi, Mehdi and Rhouma, Delel and Ben Romdhane, Lotfi},
  year = {2019},
  month = may,
  volume = {9},
  pages = {23},
  issn = {1869-5469},
  doi = {10.1007/s13278-019-0566-x},
  journal = {Soc. Netw. Anal. Min.}
}

@article{baghurstBindingOrganicPhosphates1975,
  title = {The Binding of Organic Phosphates to Human Methaemoglobin {{A}}. {{Perturbation}} of the Polymerization of Proteins by Effectors},
  author = {Baghurst, P. A. and Nichol, L. W.},
  year = {1975},
  month = nov,
  volume = {412},
  pages = {168--180},
  issn = {0006-3002},
  doi = {10.1016/0005-2795(75)90349-9},
  journal = {Biochim. Biophys. Acta},
  keywords = {Adenosine Triphosphate,Binding Sites,Diphosphoglyceric Acids,Humans,Hydrogen-Ion Concentration,Kinetics,Macromolecular Substances,Mathematics,Methemoglobin,Protein Binding,Protein Conformation},
  pmid = {80}
}

@inproceedings{bakshyEveryoneInfluencerQuantifying2011,
  title = {Everyone's an Influencer: Quantifying Influence on Twitter},
  shorttitle = {Everyone's an Influencer},
  booktitle = {Proceedings of the Fourth {{ACM}} International Conference on {{Web}} Search and Data Mining - {{WSDM}} '11},
  author = {Bakshy, Eytan and Hofman, Jake M. and Mason, Winter A. and Watts, Duncan J.},
  year = {2011},
  pages = {65},
  publisher = {{ACM Press}},
  address = {{Hong Kong, China}},
  doi = {10.1145/1935826.1935845},
  isbn = {978-1-4503-0493-1},
  keywords = {archived}
}

@article{bangMakingBetterDecisions,
  title = {Making Better Decisions in Groups},
  author = {Bang, Dan and Frith, Chris D.},
  volume = {4},
  pages = {170193},
  publisher = {{Royal Society; http://web.archive.org/web/20200506113940/https://royalsocietypublishing.org/doi/full/10.1098/rsos.170193}},
  doi = {10.1098/rsos.170193},
  journal = {Royal Society Open Science}
}

@article{barberaWhoLeadsWho2019,
  title = {Who {{Leads}}? {{Who Follows}}? {{Measuring Issue Attention}} and {{Agenda Setting}} by {{Legislators}} and the {{Mass Public Using Social Media Data}}},
  shorttitle = {Who {{Leads}}?},
  author = {Barber{\'a}, Pablo and Casas, Andreu and Nagler, Jonathan and Egan, Patrick J. and Bonneau, Richard and Jost, John T. and Tucker, Joshua A.},
  year = {2019},
  month = nov,
  volume = {113},
  pages = {883--901},
  publisher = {{Cambridge University Press; http://web.archive.org/web/20200517145031/https://www.cambridge.org/core/journals/american-political-science-review/article/who-leads-who-follows-measuring-issue-attention-and-agenda-setting-by-legislators-and-the-mass-public-using-social-media-data/D855849CE288A241529E9EC2E4FBD3A8}},
  issn = {0003-0554, 1537-5943},
  doi = {10.1017/S0003055419000352},
  journal = {American Political Science Review}
}

@article{barkunPresidentTrumpFringe2017,
  title = {President {{Trump}} and the ``{{Fringe}}''},
  author = {Barkun, Michael},
  year = {2017},
  month = may,
  volume = {29},
  pages = {437--443},
  issn = {0954-6553, 1556-1836},
  doi = {10.1080/09546553.2017.1313649},
  journal = {Terrorism and Political Violence},
  keywords = {archived}
}

@article{barronIndividualsInstitutionsInnovation2018,
  title = {Individuals, Institutions, and Innovation in the Debates of the {{French Revolution}}},
  author = {Barron, Alexander T. J. and Huang, Jenny and Spang, Rebecca L. and DeDeo, Simon},
  year = {2018},
  month = may,
  volume = {115},
  pages = {4607--4612},
  publisher = {{National Academy of Sciences}},
  issn = {0027-8424, 1091-6490},
  doi = {10.1073/pnas.1717729115},
  chapter = {Social Sciences},
  copyright = {Copyright \textcopyright{} 2018 the Author(s). Published by PNAS.. https://creativecommons.org/licenses/by-nc-nd/4.0/This open access article is distributed under Creative Commons Attribution-NonCommercial-NoDerivatives License 4.0 (CC BY-NC-ND).},
  journal = {PNAS},
  keywords = {cognitive science,computational social science,cultural evolution,digital history,political science},
  pmid = {29666239}
}

@misc{BayesianDynamicalSystems,
  title = {Bayesian {{Dynamical Systems Modelling}} in the {{Social Sciences}}},
  howpublished = {https://doi.org/10.1371/journal.pone.0086468}
}

@article{benganiControllingConversationEthics2018,
  title = {Controlling the {{Conversation}}: {{The Ethics}} of {{Social Platforms}} and {{Content Moderation}}},
  shorttitle = {Controlling the {{Conversation}}},
  author = {Bengani, Priyanjana and Ananny, Mike and Bell, Emily J.},
  year = {2018},
  doi = {10.7916/D84F3751}
}

@article{benigniOnlineExtremistCommunity,
  title = {Online {{Extremist Community Detection}}:},
  author = {Benigni, Matthew and Joseph, Kenneth and Carley, Kathleen M},
  pages = {1}
}

@article{bergerAltrightTwitterCensus2018,
  title = {The Alt-Right {{Twitter}} Census: {{Defining}} and Describing the Audience for Alt-Right Content on {{Twitter}}},
  author = {Berger, JM},
  year = {2018},
  journal = {VOX-Pol Network of Excellence}
}

@article{bergerExtremistConstructionIdentity2017,
  title = {Extremist {{Construction}} of {{Identity}}: {{How Escalating Demands}} for {{Legitimacy Shape}} and {{Define In}}-{{Group}} and {{Out}}-{{Group Dynamics}}},
  shorttitle = {Extremist {{Construction}} of {{Identity}}},
  author = {Berger, Jm},
  year = {2017},
  issn = {24680656},
  doi = {10.19165/2017.1.07},
  journal = {ICCT Research Papers},
  keywords = {_tablet,extremism}
}

@inproceedings{bessiViralMisinformationRole2015,
  title = {Viral {{Misinformation}}: {{The Role}} of {{Homophily}} and {{Polarization}}},
  shorttitle = {Viral {{Misinformation}}},
  booktitle = {Proceedings of the 24th {{International Conference}} on {{World Wide Web}} - {{WWW}} '15 {{Companion}}},
  author = {Bessi, Alessandro and Petroni, Fabio and Del Vicario, Michela and Zollo, Fabiana and Anagnostopoulos, Aris and Scala, Antonio and Caldarelli, Guido and Quattrociocchi, Walter},
  year = {2015},
  pages = {355--356},
  publisher = {{ACM Press}},
  address = {{Florence, Italy}},
  doi = {10.1145/2740908.2745939},
  isbn = {978-1-4503-3473-0},
  keywords = {archived}
}

@inproceedings{bevenseeAltRightGlobalInformation2018,
  title = {The {{Alt}}-{{Right}} and {{Global Information Warfare}}},
  booktitle = {2018 {{IEEE International Conference}} on {{Big Data}} ({{Big Data}})},
  author = {Bevensee, Emmi and Ross, Alexander Reid},
  year = {2018},
  month = dec,
  pages = {4393--4402},
  publisher = {{IEEE}},
  address = {{Seattle, WA, USA}},
  doi = {10.1109/BigData.2018.8622270},
  isbn = {978-1-5386-5035-6},
  keywords = {archived}
}

@inproceedings{binnsTrainerBotInheritance2017,
  title = {Like {{Trainer}}, {{Like Bot}}? {{Inheritance}} of {{Bias}} in {{Algorithmic Content Moderation}}},
  shorttitle = {Like {{Trainer}}, {{Like Bot}}?},
  booktitle = {Social {{Informatics}}},
  author = {Binns, Reuben and Veale, Michael and Van Kleek, Max and Shadbolt, Nigel},
  editor = {Ciampaglia, Giovanni Luca and Mashhadi, Afra and Yasseri, Taha},
  year = {2017},
  pages = {405--415},
  publisher = {{Springer International Publishing}},
  address = {{Cham}},
  doi = {10.1007/978-3-319-67256-4_32},
  isbn = {978-3-319-67256-4},
  keywords = {Algorithmic accountability,Discussion platforms,Freedom of speech,Machine learning,Online abuse},
  series = {Lecture {{Notes}} in {{Computer Science}}}
}

@article{bjorgoExtremeRightViolenceTerrorism,
  title = {Extreme-{{Right Violence}} and {{Terrorism}}: {{Concepts}}, {{Patterns}}, and {{Responses}}},
  author = {Bj\o rgo, Tore and Ravndal, Jacob Aasland},
  pages = {22}
}

@article{blackSelfGovernanceGroupDiscussion2011,
  title = {Self-{{Governance Through Group Discussion}} in {{Wikipedia}}: {{Measuring Deliberation}} in {{Online Groups}}},
  shorttitle = {Self-{{Governance Through Group Discussion}} in {{Wikipedia}}},
  author = {Black, Laura W. and Welser, Howard T. and Cosley, Dan and DeGroot, Jocelyn M.},
  year = {2011},
  month = oct,
  volume = {42},
  pages = {595--634},
  issn = {1046-4964, 1552-8278},
  doi = {10.1177/1046496411406137},
  journal = {Small Group Research},
  keywords = {archived}
}

@article{blackwellClassificationItsConsequences2017,
  title = {Classification and {{Its Consequences}} for {{Online Harassment}}: {{Design Insights}} from {{HeartMob}}},
  shorttitle = {Classification and {{Its Consequences}} for {{Online Harassment}}},
  author = {Blackwell, Lindsay and Dimond, Jill and Schoenebeck, Sarita and Lampe, Cliff},
  year = {2017},
  month = dec,
  volume = {1},
  pages = {1--19},
  issn = {2573-0142, 2573-0142},
  doi = {10.1145/3134659},
  journal = {Proc. ACM Hum.-Comput. Interact.},
  keywords = {archived}
}

@misc{BlockBotFAQ2017,
  title = {The {{Block Bot FAQ}} \guillemotright{} {{The Block Bot}}},
  year = {2017},
  month = jul,
  howpublished = {http://archive.is/T48BG},
  journal = {archive.is}
}

@article{boehmeAltWhiteGenderedLook2020,
  title = {Alt-{{White}}? {{A Gendered Look}} at ``{{Victim}}'' {{Ideology}} and the {{Alt}}-{{Right}}},
  shorttitle = {Alt-{{White}}?},
  author = {Boehme, Hunter M. and Isom Scott, Deena A.},
  year = {2020},
  volume = {15},
  pages = {174--196},
  publisher = {{Taylor \& Francis}},
  journal = {Victims \& Offenders}
}

@article{bosHowMediaShape2011,
  title = {How the {{Media Shape Perceptions}} of {{Right}}-{{Wing Populist Leaders}}},
  author = {Bos, Linda and van der Brug, Wouter and de Vreese, Claes},
  year = {2011},
  month = apr,
  volume = {28},
  pages = {182--206},
  publisher = {{Routledge}},
  issn = {1058-4609},
  doi = {10.1080/10584609.2011.564605},
  journal = {Political Communication},
  keywords = {electoral behavior,leadership,media effects,populism,right-wing populist parties}
}

@incollection{botovMiningLaborMarket2019,
  title = {Mining {{Labor Market Requirements Using Distributional Semantic Models}} and {{Deep Learning}}},
  booktitle = {Business {{Information Systems}}},
  author = {Botov, Dmitriy and Klenin, Julius and Melnikov, Andrey and Dmitrin, Yuri and Nikolaev, Ivan and Vinel, Mikhail},
  editor = {Abramowicz, Witold and Corchuelo, Rafael},
  year = {2019},
  volume = {354},
  pages = {177--190},
  publisher = {{Springer International Publishing}},
  address = {{Cham}},
  doi = {10.1007/978-3-030-20482-2_15},
  isbn = {978-3-030-20481-5 978-3-030-20482-2}
}

@article{boukesSocialNetworkSites2019,
  title = {Social Network Sites and Acquiring Current Affairs Knowledge: {{The}} Impact of {{Twitter}} and {{Facebook}} Usage on Learning about the News},
  shorttitle = {Social Network Sites and Acquiring Current Affairs Knowledge},
  author = {Boukes, Mark},
  year = {2019},
  month = jan,
  volume = {16},
  pages = {36--51},
  publisher = {{Routledge}},
  issn = {1933-1681},
  doi = {10.1080/19331681.2019.1572568},
  journal = {Journal of Information Technology \& Politics},
  keywords = {current affairs knowledge,Facebook,knowledge gap,learning effects,social media,Social network sites,Twitter}
}

@techreport{bradfordReportFacebookData2019,
  title = {Report {{Of The Facebook Data Transparency Advisory Group}}},
  author = {Bradford, Ben and Grisel, Florian and Meares, Tracey L. and Owens, Emily and Shapiro, Jacob N. and Tyler, Tom R. and Peterman, Danieli Evans},
  year = {2019},
  month = apr
}

@article{brancoSurveyPredictiveModeling2016,
  title = {A {{Survey}} of {{Predictive Modeling}} on {{Imbalanced Domains}}},
  author = {Branco, Paula and Torgo, Lu{\'i}s and Ribeiro, Rita P.},
  year = {2016},
  month = aug,
  volume = {49},
  pages = {31:1--31:50},
  issn = {0360-0300},
  doi = {10.1145/2907070},
  journal = {ACM Comput. Surv.},
  keywords = {classification,Imbalanced domains,performance metrics,rare cases,regression}
}

@article{bratichCivilSocietyMust,
  title = {Civil {{Society Must Be Defended}}: {{Misinformation}}, {{Moral Panics}}, and {{Wars}} of {{Restoration}}},
  shorttitle = {Civil {{Society Must Be Defended}}},
  author = {Bratich, Jack},
  doi = {10.1093/ccc/tcz041},
  journal = {Commun Cult Crit}
}

@article{brydenUnderlyingSociopoliticalProcesses2019,
  title = {Underlying Socio-Political Processes behind the 2016 {{US}} Election},
  author = {Bryden, John and Silverman, Eric},
  editor = {Ribeiro, Haroldo V.},
  year = {2019},
  month = apr,
  volume = {14},
  pages = {e0214854},
  issn = {1932-6203},
  doi = {10.1371/journal.pone.0214854},
  journal = {PLoS ONE},
  keywords = {archived}
}

@article{butlerCommunityEffortOnline,
  title = {Community {{Effort}} in {{Online Groups}}: {{Who Does}} the {{Work}} and {{Why}}?},
  author = {Butler, Brian and Sproull, Lee and Kiesler, Sara},
  pages = {32}
}

@article{buttigiegGramsciCivilSociety1995,
  title = {Gramsci on {{Civil Society}}},
  author = {Buttigieg, Joseph A.},
  year = {1995},
  volume = {22},
  pages = {1--32},
  publisher = {{Duke University Press}},
  issn = {01903659, 15272141},
  doi = {10.2307/303721},
  journal = {boundary 2}
}

@article{caianiTransnationalizationExtremeRight2015,
  title = {The Transnationalization of the Extreme Right and the Use of the {{Internet}}},
  author = {Caiani, Manuela and Kr{\"o}ll, Patricia},
  year = {2015},
  month = oct,
  volume = {39},
  pages = {331--351},
  publisher = {{Routledge}},
  issn = {0192-4036},
  doi = {10.1080/01924036.2014.973050},
  journal = {International Journal of Comparative and Applied Criminal Justice},
  keywords = {American and European comparative politics,Corrigendum,Internet politics,radical right/extreme right,social movement approach,transnationalization,Web content analysis}
}

@article{camachoFourDimensionsSocial2020,
  title = {The {{Four Dimensions}} of {{Social Network Analysis}}: {{An Overview}} of {{Research Methods}}, {{Applications}}, and {{Software Tools}}},
  shorttitle = {The {{Four Dimensions}} of {{Social Network Analysis}}},
  author = {Camacho, David and {Panizo-LLedot}, {\`A}ngel and {Bello-Orgaz}, Gema and {Gonzalez-Pardo}, Antonio and Cambria, Erik},
  year = {2020},
  month = feb,
  archivePrefix = {arXiv},
  eprint = {2002.09485},
  eprinttype = {arxiv},
  journal = {arXiv:2002.09485 [cs]},
  keywords = {Computer Science - Computers and Society,Computer Science - Machine Learning,Computer Science - Social and Information Networks},
  primaryClass = {cs}
}

@article{cammaertsMainstreamingExtremeRightWing2018,
  title = {The {{Mainstreaming}} of {{Extreme Right}}-{{Wing Populism}} in the {{Low Countries}}: {{What}} Is to Be {{Done}}?},
  shorttitle = {The {{Mainstreaming}} of {{Extreme Right}}-{{Wing Populism}} in the {{Low Countries}}},
  author = {Cammaerts, Bart},
  year = {2018},
  month = mar,
  volume = {11},
  pages = {7--20},
  issn = {1753-9129, 1753-9137},
  doi = {10.1093/ccc/tcx002},
  journal = {Communication, Culture and Critique},
  keywords = {archived}
}

@inproceedings{cardMediaFramesCorpus2015,
  title = {The Media Frames Corpus: {{Annotations}} of Frames across Issues},
  shorttitle = {The Media Frames Corpus},
  booktitle = {Proceedings of the 53rd {{Annual Meeting}} of the {{Association}} for {{Computational Linguistics}} and the 7th {{International Joint Conference}} on {{Natural Language Processing}} ({{Volume}} 2: {{Short Papers}})},
  author = {Card, Dallas and Boydstun, Amber and Gross, Justin H. and Resnik, Philip and Smith, Noah A.},
  year = {2015},
  pages = {438--444}
}

@article{carpenterWhatSuperdiffusersWhen2020,
  title = {What Do Superdiffusers Do When They Want to Persuade Someone about Politics on {{Facebook}}?},
  author = {Carpenter, Christopher J. and Averbeck, Josh M.},
  year = {2020},
  month = jan,
  volume = {68},
  pages = {54--72},
  publisher = {{Routledge}},
  issn = {0146-3373},
  doi = {10.1080/01463373.2019.1671886},
  journal = {Communication Quarterly},
  keywords = {opinion leaders,Opinion Leaders,Political Communication,social influence,Social Influence,Social Media,Social Network Sites}
}

@article{castleWhiteRacialActivism2020,
  title = {White {{Racial Activism}} and {{Paper Terrorism}}: {{A Case Study}} in {{Far}}-{{Right Propaganda}}},
  shorttitle = {White {{Racial Activism}} and {{Paper Terrorism}}},
  author = {Castle, Tammy and Kristiansen, Lars and Shifflett, Lantz},
  year = {2020},
  month = feb,
  volume = {41},
  pages = {252--267},
  publisher = {{Routledge}},
  issn = {0163-9625},
  doi = {10.1080/01639625.2018.1557380},
  journal = {Deviant Behavior}
}

@inproceedings{centivanyPopcornTastesGood2016,
  title = {"{{Popcorn Tastes Good}}": {{Participatory Policymaking}} and {{Reddit}}'s},
  shorttitle = {"{{Popcorn Tastes Good}}"},
  booktitle = {Proceedings of the 2016 {{CHI Conference}} on {{Human Factors}} in {{Computing Systems}}},
  author = {Centivany, Alissa and Glushko, Bobby},
  year = {2016},
  month = may,
  pages = {1126--1137},
  publisher = {{Association for Computing Machinery}},
  address = {{San Jose, California, USA}},
  doi = {10.1145/2858036.2858516},
  isbn = {978-1-4503-3362-7},
  keywords = {information policy,online communities,participatory policymaking,social media,value sensitive design},
  series = {{{CHI}} '16}
}

@article{centivanyValuesEthicsParticipatory2016,
  title = {Values, Ethics and Participatory Policymaking in Online Communities},
  author = {Centivany, Alissa},
  year = {2016},
  volume = {53},
  pages = {1--10},
  issn = {2373-9231},
  doi = {10.1002/pra2.2016.14505301058},
  journal = {Proceedings of the Association for Information Science and Technology},
  keywords = {Anticipatory Ethics,Information Policy,Online Communities,Social Media,Value-Sensitive Design}
}

@article{chakrabortyMetricsCommunityAnalysis2017,
  title = {Metrics for {{Community Analysis}}: {{A Survey}}},
  shorttitle = {Metrics for {{Community Analysis}}},
  author = {Chakraborty, Tanmoy and Dalmia, Ayushi and Mukherjee, Animesh and Ganguly, Niloy},
  year = {2017},
  month = aug,
  volume = {50},
  pages = {54:1--54:37},
  issn = {0360-0300},
  doi = {10.1145/3091106},
  journal = {ACM Comput. Surv.},
  keywords = {community discovery,community evaluation,Metrics}
}

@inproceedings{chaMeasuringUserInfluence2010,
  title = {Measuring {{User Influence}} in {{Twitter}}: {{The Million Follower Fallacy}}},
  booktitle = {Fourth {{International AAAI Conference}} on {{Weblogs}} and {{Social Media}}},
  author = {Cha, Meeyoung and Haddadi, Hamed and Benevenuto, Fabr\i cio and Gummadi, Krishna P},
  year = {2010},
  month = may,
  pages = {8}
}

@inproceedings{chancellorThyghgappInstagramContent2016,
  title = {\#thyghgapp: {{Instagram Content Moderation}} and {{Lexical Variation}} in {{Pro}}-{{Eating Disorder Communities}}},
  shorttitle = {\#thyghgapp},
  booktitle = {Proceedings of the 19th {{ACM Conference}} on {{Computer}}-{{Supported Cooperative Work}} \& {{Social Computing}}},
  author = {Chancellor, Stevie and Pater, Jessica Annette and Clear, Trustin and Gilbert, Eric and De Choudhury, Munmun},
  year = {2016},
  month = feb,
  pages = {1201--1213},
  publisher = {{Association for Computing Machinery}},
  address = {{San Francisco, California, USA}},
  doi = {10.1145/2818048.2819963},
  isbn = {978-1-4503-3592-8},
  keywords = {eating disorder,Instagram,lexical variation,social media},
  series = {{{CSCW}} '16}
}

@article{charalambousFarRightExtremismPopulist2018,
  title = {Far-{{Right Extremism}} and {{Populist Rhetoric}}: {{Greece}} and {{Cyprus}} during an {{Era}} of {{Crisis}}},
  shorttitle = {Far-{{Right Extremism}} and {{Populist Rhetoric}}},
  author = {Charalambous, Giorgos and Christoforou, Panos},
  year = {2018},
  month = oct,
  volume = {23},
  pages = {451--477},
  publisher = {{Routledge}},
  issn = {1360-8746},
  doi = {10.1080/13608746.2018.1555957},
  journal = {South European Society and Politics},
  keywords = {content analysis,ELAM,extremism,Far-right parties,Golden Dawn,populism}
}

@inproceedings{chatterjeeDetectionCommunitiesLarge2019,
  title = {Detection of {{Communities}} in {{Large Scale Networks}}},
  booktitle = {2019 {{IEEE}} 10th {{Annual Information Technology}}, {{Electronics}} and {{Mobile Communication Conference}} ({{IEMCON}})},
  author = {Chatterjee, Baisakhi and Saha, Himadri Nath},
  year = {2019},
  month = oct,
  pages = {1051--1060},
  issn = {2644-3163},
  doi = {10.1109/IEMCON.2019.8936304},
  keywords = {Clustering networks,Community,Community detection,community structure,complex networks,functional units,graph theory,information sharing,Internet,Label Propagation,large scale networks,Large scale networks,Modularity,network theory (graphs),Social Networks,social science,statistical analysis,Triadic Closures}
}

@inproceedings{chengCanCascadesBe2014,
  title = {Can Cascades Be Predicted?},
  booktitle = {Proceedings of the 23rd International Conference on {{World}} Wide Web},
  author = {Cheng, Justin and Adamic, Lada and Dow, P. Alex and Kleinberg, Jon Michael and Leskovec, Jure},
  year = {2014},
  month = apr,
  pages = {925--936},
  publisher = {{Association for Computing Machinery}},
  address = {{Seoul, Korea}},
  doi = {10.1145/2566486.2567997},
  isbn = {978-1-4503-2744-2},
  keywords = {cascade prediction,contagion,information diffusion},
  series = {{{WWW}} '14}
}

@article{choQueerReverbTumblr,
  title = {3\hspace{1em} {{Queer Reverb}}: {{Tumblr}}, {{Affect}}, {{Time}}},
  author = {Cho, Alexander},
  pages = {15}
}

@article{citronINTERMEDIARIESHATESPEECH,
  title = {{{INTERMEDIARIES AND HATE SPEECH}}: {{FOSTERING DIGITAL CITIZENSHIP FOR OUR INFORMATION AGE}}},
  author = {Citron, Danielle Keats and Norton, Helen},
  volume = {91},
  pages = {51}
}

@inproceedings{clementParticipatoryDesignWeb2008,
  title = {Participatory Design and Web 2.0: The Case of {{PIPWatch}}, the Collaborative Privacy Toolbar},
  shorttitle = {Participatory Design and Web 2.0},
  booktitle = {Proceedings of the {{Tenth Anniversary Conference}} on {{Participatory Design}} 2008},
  author = {Clement, Andrew and Costantino, Terry and Kurtz, Dan and Tissenbaum, Mike},
  year = {2008},
  month = oct,
  pages = {51--60},
  publisher = {{Indiana University}},
  address = {{Bloomington, Indiana}},
  isbn = {978-0-9818561-0-0},
  keywords = {Firefox extension,participatory design,peer production,privacy enhancement,social navigation,web 2.0},
  series = {{{PDC}} '08}
}

@misc{CMUML14101Pdf,
  title = {{{CMU}}-{{ML}}-14-101.Pdf},
  howpublished = {http://reports-archive.adm.cs.cmu.edu/anon/anon/usr0/ftp/home/ftp/ml2014/CMU-ML-14-101.pdf}
}

@inproceedings{cohenNodeCentricDetectionOverlapping2017,
  title = {Node-{{Centric Detection}} of {{Overlapping Communities}} in {{Social Networks}}},
  booktitle = {3rd {{International Winter School}} and {{Conference}} on {{Network Science}}},
  author = {Cohen, Yehonatan and Hendler, Danny and Rubin, Amir},
  editor = {Shmueli, Erez and Barzel, Baruch and Puzis, Rami},
  year = {2017},
  pages = {1--10},
  publisher = {{Springer International Publishing}},
  address = {{Cham}},
  doi = {10.1007/978-3-319-55471-6_1},
  isbn = {978-3-319-55471-6},
  keywords = {Community detection,Extended modularity,Louvain method,Overlapping communities,Weighted community clustering},
  series = {Springer {{Proceedings}} in {{Complexity}}}
}

@article{CollectorsNightlightsAllies,
  title = {Collectors, {{Nightlights}}, and {{Allies}}, {{Oh My}} | {{Understanding}} and {{Dismantling Privilege}}},
  keywords = {academia,archived,autoethnography,counternarrative,critical race theory,cross-racial mentoring,mentoring,race}
}

@book{contucciComplexNetworks2014,
  title = {Complex {{Networks V}}},
  editor = {Contucci, Pierluigi and Menezes, Ronaldo and Omicini, Andrea and {Poncela-Casasnovas}, Julia},
  year = {2014},
  volume = {549},
  publisher = {{Springer International Publishing}},
  address = {{Cham}},
  doi = {10.1007/978-3-319-05401-8},
  isbn = {978-3-319-05400-1 978-3-319-05401-8},
  series = {Studies in {{Computational Intelligence}}}
}

@article{cousinsArgumentsCommonSet2013,
  title = {Arguments for a {{Common Set}} of {{Principles}} for {{Collaborative Inquiry}} in {{Evaluation}}},
  author = {Cousins, J. Bradley and Whitmore, Elizabeth and Shulha, Lyn},
  year = {2013},
  month = mar,
  volume = {34},
  pages = {7--22},
  publisher = {{SAGE Publications Inc; http://web.archive.org/web/20200428234413/https://journals.sagepub.com/doi/10.1177/1098214012464037}},
  issn = {1098-2140},
  doi = {10.1177/1098214012464037},
  journal = {American Journal of Evaluation}
}

@article{cousinsFramingParticipatoryEvaluation1998,
  title = {Framing Participatory Evaluation},
  author = {Cousins, J. Bradley and Whitmore, Elizabeth},
  year = {1998},
  volume = {1998},
  pages = {5--23},
  issn = {1534-875X},
  doi = {10.1002/ev.1114},
  journal = {New Directions for Evaluation}
}

@article{craigYouCanForm2014,
  title = {You Can Form a Part of Yourself Online: {{The}} Influence of New Media on Identity Development and Coming out for {{LGBTQ}} Youth},
  shorttitle = {You Can Form a Part of Yourself Online},
  author = {Craig, Shelley L. and McInroy, Lauren},
  year = {2014},
  volume = {18},
  pages = {95--109},
  publisher = {{Taylor \& Francis}},
  journal = {Journal of Gay \& Lesbian Mental Health}
}

@article{crawfordWhatFlagSocial2016,
  title = {What Is a Flag for? {{Social}} Media Reporting Tools and the Vocabulary of Complaint},
  shorttitle = {What Is a Flag For?},
  author = {Crawford, Kate and Gillespie, Tarleton},
  year = {2016},
  month = mar,
  volume = {18},
  pages = {410--428},
  publisher = {{SAGE Publications}},
  issn = {1461-4448},
  doi = {10.1177/1461444814543163},
  journal = {New Media \& Society}
}

@article{crockfordThankGodGreatest2018,
  title = {Thank {{God}} for the Greatest Country on Earth: White Supremacy, Vigilantes, and Survivalists in the Struggle to Define the {{American}} Nation},
  shorttitle = {Thank {{God}} for the Greatest Country on Earth},
  author = {Crockford, Susannah},
  year = {2018},
  volume = {46},
  pages = {224--242},
  publisher = {{Taylor \& Francis}},
  journal = {Religion, State \& Society}
}

@misc{CtrlAltDeleteOriginsIdeology,
  title = {Ctrl-{{Alt}}-{{Delete}}: {{The}} Origins and Ideology of the {{Alternative Right}}},
  shorttitle = {Ctrl-{{Alt}}-{{Delete}}},
  howpublished = {https://www.politicalresearch.org/2017/01/20/ctrl-alt-delete-report-on-the-alternative-right},
  journal = {Political Research Associates},
  keywords = {archived}
}

@book{daleyIntroductionTheoryPoint2003,
  title = {An Introduction to the Theory of Point Processes},
  author = {Daley, Daryl J. and {Vere-Jones}, D.},
  year = {2003},
  edition = {2nd ed},
  publisher = {{Springer}},
  address = {{New York}},
  isbn = {978-0-387-95541-4 978-0-387-21337-8 978-0-387-49835-5},
  keywords = {Point processes},
  lccn = {QA274.42 .D35 2003}
}

@inproceedings{danescu-niculescu-mizilNoCountryOld2013,
  title = {No Country for Old Members: User Lifecycle and Linguistic Change in Online Communities},
  shorttitle = {No Country for Old Members},
  booktitle = {Proceedings of the 22nd International Conference on {{World Wide Web}} - {{WWW}} '13},
  author = {{Danescu-Niculescu-Mizil}, Cristian and West, Robert and Jurafsky, Dan and Leskovec, Jure and Potts, Christopher},
  year = {2013},
  pages = {307--318},
  publisher = {{ACM Press}},
  address = {{Rio de Janeiro, Brazil}},
  doi = {10.1145/2488388.2488416},
  isbn = {978-1-4503-2035-1},
  keywords = {archived}
}

@book{danielsCyberRacismWhite2009,
  title = {Cyber {{Racism}}: {{White Supremacy Online}} and the {{New Attack}} on {{Civil Rights}}},
  shorttitle = {Cyber {{Racism}}},
  author = {Daniels, Jessie},
  year = {2009},
  month = mar,
  publisher = {{Rowman \& Littlefield Publishers}},
  googlebooks = {91aEFrm6DLMC},
  isbn = {978-0-7425-6525-8},
  keywords = {Social Science / Discrimination \& Race Relations,Social Science / Media Studies,Social Science / Minority Studies,Social Science / Violence in Society}
}

@misc{DareSayYou,
  title = {I Dare Say You Will Never Use Tf-Idf Again - {{Tyler Schnoebelen}} - {{Medium}}},
  howpublished = {https://medium.com/@TSchnoebelen/i-dare-say-you-will-never-use-tf-idf-again-4918408b2310}
}

@inproceedings{dasPredictingTrendsTwitter2015,
  title = {Predicting {{Trends}} in the {{Twitter Social Network}}: {{A Machine Learning Approach}}},
  shorttitle = {Predicting {{Trends}} in the {{Twitter Social Network}}},
  booktitle = {Swarm, {{Evolutionary}}, and {{Memetic Computing}}},
  author = {Das, Anubrata and Roy, Moumita and Dutta, Soumi and Ghosh, Saptarshi and Das, Asit Kumar},
  editor = {Panigrahi, Bijaya Ketan and Suganthan, Ponnuthurai Nagaratnam and Das, Swagatam},
  year = {2015},
  pages = {570--581},
  publisher = {{Springer International Publishing}},
  address = {{Cham}},
  doi = {10.1007/978-3-319-20294-5_49},
  isbn = {978-3-319-20294-5},
  keywords = {Classification,Machine learning,Online social network,Predicting trends,Trending topics,Twitter},
  series = {Lecture {{Notes}} in {{Computer Science}}}
}

@article{daudApplicationsLinkPrediction,
  title = {Applications of Link Prediction in Social Networks: {{A}} Review},
  author = {Daud, Nur Nasuha and Ab Hamid, Siti Hafizah and Saadoon, Muntadher and Sahran, Firdaus and Anuar, Nor Badrul},
  doi = {10.1016/j.jnca.2020.102716},
  journal = {Journal of Network and Computer Applications},
  keywords = {Researcher App}
}

@article{davidRelianceFacebookNews2019,
  title = {Reliance on {{Facebook}} for News and Its Influence on Political Engagement},
  author = {David, Clarissa C. and San Pascual, Ma. Rosel S. and Torres, Ma. Eliza S.},
  year = {2019},
  month = mar,
  volume = {14},
  issn = {1932-6203},
  doi = {10.1371/journal.pone.0212263},
  journal = {PLoS One},
  pmcid = {PMC6424427; http://web.archive.org/web/20200501162711/https://www.ncbi.nlm.nih.gov/pmc/articles/PMC6424427/},
  pmid = {30889186}
}

@article{davisBotOrNotSystemEvaluate2016,
  title = {{{BotOrNot}}: {{A System}} to {{Evaluate Social Bots}}},
  shorttitle = {{{BotOrNot}}},
  author = {Davis, Clayton A. and Varol, Onur and Ferrara, Emilio and Flammini, Alessandro and Menczer, Filippo},
  year = {2016},
  pages = {273--274},
  doi = {10.1145/2872518.2889302},
  archivePrefix = {arXiv},
  eprint = {1602.00975},
  eprinttype = {arxiv},
  journal = {Proceedings of the 25th International Conference Companion on World Wide Web - WWW '16 Companion},
  keywords = {Computer Science - Social and Information Networks}
}

@inproceedings{debieDetectingTrendsTwitter2016,
  title = {Detecting Trends in Twitter Time Series},
  booktitle = {2016 {{IEEE}} 26th {{International Workshop}} on {{Machine Learning}} for {{Signal Processing}} ({{MLSP}})},
  author = {De Bie, Tijl and Lijffijt, Jefrey and Mesnage, C{\'e}dric and {Santos-Rodr{\'i}guez}, Ra{\'u}l},
  year = {2016},
  month = sep,
  pages = {1--6},
  doi = {10.1109/MLSP.2016.7738815},
  keywords = {convex optimization,convex programming,convexity,Graphical models,human activities,information retrieval,Market research,Maximum likelihood estimation,music,music artist,piece-wise exponential trend,Probabilistic logic,probabilistic model,probability,random fluctuations,random noise,social networking (online),Time measurement,time series,Time series analysis,trend detection,Trend detection,Twitter,Twitter time series}
}

@inproceedings{deltrediciRoadSuccessAssessing2018,
  title = {The {{Road}} to {{Success}}: {{Assessing}} the {{Fate}} of {{Linguistic Innovations}} in {{Online Communities}}},
  shorttitle = {The {{Road}} to {{Success}}},
  booktitle = {Proceedings of the 27th {{International Conference}} on {{Computational Linguistics}}},
  author = {Del Tredici, Marco and Fern{\'a}ndez, Raquel},
  year = {2018},
  month = aug,
  pages = {1591--1603},
  publisher = {{Association for Computational Linguistics}},
  address = {{Santa Fe, New Mexico, USA}},
  keywords = {archived}
}

@article{delzellAntonioGramsciOrigins1967,
  title = {Antonio {{Gramsci}} and the {{Origins}} of {{Italian Communism}}. {{By John M}}. {{Cammett}}. ({{Stanford}}, {{Calif}}.: {{Stanford University Press}}. 1967. {{Pp}}. Xiv, 306. \$8.50.)},
  shorttitle = {Antonio {{Gramsci}} and the {{Origins}} of {{Italian Communism}}. {{By John M}}. {{Cammett}}. ({{Stanford}}, {{Calif}}.},
  author = {Delzell, Charles F.},
  year = {1967},
  month = jul,
  volume = {72},
  pages = {1441--1442},
  publisher = {{Oxford Academic; http://web.archive.org/web/20200601012051/https://academic.oup.com/ahr/article-abstract/72/4/1441/105235?redirectedFrom=fulltext}},
  issn = {0002-8762},
  doi = {10.1086/ahr/72.4.1441},
  journal = {Am Hist Rev}
}

@article{demszkyAnalyzingPolarizationSocial2019,
  title = {Analyzing Polarization in Social Media: {{Method}} and Application to Tweets on 21 Mass Shootings},
  shorttitle = {Analyzing Polarization in Social Media},
  author = {Demszky, Dorottya and Garg, Nikhil and Voigt, Rob and Zou, James and Gentzkow, Matthew and Shapiro, Jesse and Jurafsky, Dan},
  year = {2019},
  journal = {arXiv preprint arXiv:1904.01596}
}

@article{dengFeatureSelectionText2019,
  title = {Feature Selection for Text Classification: {{A}} Review},
  shorttitle = {Feature Selection for Text Classification},
  author = {Deng, Xuelian and Li, Yuqing and Weng, Jian and Zhang, Jilian},
  year = {2019},
  month = feb,
  volume = {78},
  pages = {3797--3816},
  issn = {1573-7721},
  doi = {10.1007/s11042-018-6083-5},
  journal = {Multimed Tools Appl}
}

@article{derricoOnlineMoralDisengagement2018,
  title = {Online Moral Disengagement and Hostile Emotions in Discussions on Hosting Immigrants},
  author = {D'Errico, Francesca and Paciello, Marinella},
  year = {2018},
  month = jan,
  volume = {28},
  pages = {1313--1335},
  publisher = {{Emerald Publishing Limited}},
  issn = {1066-2243},
  doi = {10.1108/IntR-03-2017-0119},
  journal = {Internet Research},
  keywords = {Hostile emotions,Hosting immigrants,Moral disengagement,Online discussions,Social media}
}

@article{dignamMisogynisticMenOnline2019,
  title = {Misogynistic {{Men Online}}: {{How}} the {{Red Pill Helped Elect Trump}}},
  shorttitle = {Misogynistic {{Men Online}}},
  author = {Dignam, Pierce Alexander and Rohlinger, Deana A.},
  year = {2019},
  month = mar,
  volume = {44},
  pages = {589--612},
  issn = {0097-9740, 1545-6943},
  doi = {10.1086/701155},
  journal = {Signs: Journal of Women in Culture and Society},
  keywords = {archived}
}

@book{dodsworthLanguageVariationChange2019,
  title = {Language Variation and Change in Social Networks: {{A}} Bipartite Approach},
  shorttitle = {Language Variation and Change in Social Networks},
  author = {Dodsworth, Robin and Benton, Richard A.},
  year = {2019},
  month = aug,
  publisher = {{Routledge}},
  googlebooks = {fKKqDwAAQBAJ},
  isbn = {978-1-317-28170-2},
  keywords = {Language Arts \& Disciplines / Linguistics / General,Language Arts \& Disciplines / Linguistics / Sociolinguistics}
}

@misc{DonNotebooksJoel,
  title = {I {{Don}}'t {{Like Notebooks}} - {{Joel Grus}} - \#{{JupyterCon}} 2018},
  howpublished = {https://docs.google.com/presentation/d/1n2RlMdmv1p25Xy5thJUhkKGvjtV-dkAIsUXP-AL4ffI/edit?usp=embed\_facebook},
  journal = {Google Docs}
}

@article{dorofeyevaObtainingMeaslesVirus1975,
  title = {Obtaining of Measles Virus Haemagglutinin from Strain {{L}}-16 Grown in Primary Cell Cultures},
  author = {Dorofeyeva, L. V.},
  year = {1975},
  month = nov,
  volume = {19},
  pages = {497},
  issn = {0001-723X},
  journal = {Acta Virol.},
  keywords = {Animals,Antibody Formation,Chick Embryo,Culture Techniques,Ethyl Ethers,Genetic Variation,Hemagglutinins; Viral,Measles Vaccine,Measles virus,Polysorbates,Quail},
  pmid = {1998}
}

@inproceedings{duarteMixedMessagesLimits2018,
  title = {Mixed {{Messages}}? {{The Limits}} of {{Automated Social Media Content Analysis}}.},
  shorttitle = {Mixed {{Messages}}?},
  booktitle = {{{FAT}}},
  author = {Duarte, Natasha and Llanso, Emma and Loup, Anna},
  year = {2018},
  pages = {106}
}

@article{duboisHaveSexNot2015,
  title = {To {{Have Sex}} or {{Not}} to {{Have Sex}}? {{An Online Focus Group Study}} of {{Sexual Decision Making Among Sexually Experienced}} and {{Inexperienced Gay}} and {{Bisexual Adolescent Men}}},
  shorttitle = {To {{Have Sex}} or {{Not}} to {{Have Sex}}?},
  author = {DuBois, L. Zachary and Macapagal, Kathryn R. and Rivera, Zenaida and Prescott, Tonya L. and Ybarra, Michele L. and Mustanski, Brian},
  year = {2015},
  month = oct,
  volume = {44},
  pages = {2027--2040},
  issn = {1573-2800},
  doi = {10.1007/s10508-015-0521-5},
  journal = {Arch Sex Behav}
}

@article{duguayQueerWomenExperiences2020,
  title = {Queer Women's Experiences of Patchwork Platform Governance on {{Tinder}}, {{Instagram}}, and {{Vine}}},
  author = {Duguay, Stefanie and Burgess, Jean and Suzor, Nicolas},
  year = {2020},
  month = apr,
  volume = {26},
  pages = {237--252},
  issn = {1354-8565, 1748-7382},
  doi = {10.1177/1354856518781530},
  journal = {Convergence}
}

@article{eddingtonAltresilienceSemanticNetwork2020,
  title = {Alt-Resilience: A Semantic Network Analysis of Identity (Re)Construction in an Online Men's Rights Community},
  shorttitle = {Alt-Resilience},
  author = {Eddington, Sean M.},
  year = {2020},
  month = jan,
  volume = {48},
  pages = {114--135},
  publisher = {{Routledge}},
  issn = {0090-9882},
  doi = {10.1080/00909882.2019.1706099},
  journal = {Journal of Applied Communication Research}
}

@incollection{eglashBasinsAttractionGenerative2014,
  title = {Basins of {{Attraction}} for {{Generative Justice}}},
  booktitle = {Chaos {{Theory}} in {{Politics}}},
  author = {Eglash, Ron and Garvey, Colin},
  editor = {Banerjee, Santo and Er{\c c}etin, {\c S}efika {\c S}ule and Tekin, Ali},
  year = {2014},
  pages = {75--88},
  publisher = {{Springer Netherlands}},
  address = {{Dordrecht}},
  doi = {10.1007/978-94-017-8691-1_5},
  isbn = {978-94-017-8691-1},
  keywords = {Attractor,Chaos theory,Generative justice,Industrial ecology,Open source},
  series = {Understanding {{Complex Systems}}}
}

@article{eglashDecolonizingEducationAnishinaabe2019,
  title = {Decolonizing Education with {{Anishinaabe}} Arcs: Generative {{STEM}} as a Path to Indigenous Futurity},
  shorttitle = {Decolonizing Education with {{Anishinaabe}} Arcs},
  author = {Eglash, Ron and Lachney, Michael and Babbitt, William and Bennett, Audrey and Reinhardt, Martin and Davis, James},
  year = {2019},
  month = dec,
  issn = {1556-6501},
  doi = {10.1007/s11423-019-09728-6},
  journal = {Education Tech Research Dev}
}

@article{eisensteinDiffusionLexicalChange2014,
  title = {Diffusion of {{Lexical Change}} in {{Social Media}}},
  author = {Eisenstein, Jacob and O'Connor, Brendan and Smith, Noah A. and Xing, Eric P.},
  editor = {Berwick, Robert C.},
  year = {2014},
  month = nov,
  volume = {9},
  pages = {e113114},
  issn = {1932-6203},
  doi = {10.1371/journal.pone.0113114},
  journal = {PLoS ONE},
  keywords = {archived}
}

@article{elgeniusFramesNostalgiaBelonging2019,
  title = {Frames of Nostalgia and Belonging: The Resurgence of Ethno-Nationalism in {{Sweden}}},
  shorttitle = {Frames of Nostalgia and Belonging},
  author = {Elgenius, Gabriella and Rydgren, Jens},
  year = {2019},
  month = aug,
  volume = {21},
  pages = {583--602},
  publisher = {{Routledge}},
  issn = {1461-6696},
  doi = {10.1080/14616696.2018.1494297},
  journal = {European Societies},
  keywords = {ethno-nationalism,frame theory,Radical right-wing parties,Swedish ‘exceptionalism’,the Sweden democrats; Swedish ethnic nationalism}
}

@book{elkeSocialPolicyReview2019,
  title = {Social {{Policy Review}} 31: {{Analysis}} and {{Debate}} in {{Social Policy}}, 2019},
  shorttitle = {Social {{Policy Review}} 31},
  author = {Elke, Heins and James, Rees},
  year = {2019},
  month = jul,
  publisher = {{Policy Press}},
  googlebooks = {GRGjDwAAQBAJ},
  isbn = {978-1-4473-4400-1},
  keywords = {Political Science / Public Policy / Social Policy,Political Science / Public Policy / Social Services \& Welfare}
}

@book{emdenHabermasDemocracyKnowledge2012,
  title = {Beyond {{Habermas}}: {{Democracy}}, {{Knowledge}}, and the {{Public Sphere}}},
  shorttitle = {Beyond {{Habermas}}},
  editor = {Emden, Christian J. and Midgley, David},
  year = {2012},
  month = nov,
  edition = {First},
  publisher = {{Berghahn Books}},
  doi = {10.2307/j.ctt9qczk9},
  isbn = {978-0-85745-722-6 978-0-85745-721-9}
}

@inproceedings{epastoEgoSplittingFrameworkNonOverlapping2017,
  title = {Ego-{{Splitting Framework}}: From {{Non}}-{{Overlapping}} to {{Overlapping Clusters}}},
  shorttitle = {Ego-{{Splitting Framework}}},
  booktitle = {Proceedings of the 23rd {{ACM SIGKDD International Conference}} on {{Knowledge Discovery}} and {{Data Mining}}},
  author = {Epasto, Alessandro and Lattanzi, Silvio and Paes Leme, Renato},
  year = {2017},
  month = aug,
  pages = {145--154},
  publisher = {{ACM}},
  address = {{Halifax NS Canada}},
  doi = {10.1145/3097983.3098054},
  isbn = {978-1-4503-4887-4},
  keywords = {archived}
}

@article{ernstExtremePartiesPopulism2017,
  title = {Extreme Parties and Populism: An Analysis of {{Facebook}} and {{Twitter}} across Six Countries},
  shorttitle = {Extreme Parties and Populism},
  author = {Ernst, Nicole and Engesser, Sven and B{\"u}chel, Florin and Blassnig, Sina and Esser, Frank},
  year = {2017},
  month = sep,
  volume = {20},
  pages = {1347--1364},
  publisher = {{Routledge}},
  issn = {1369-118X},
  doi = {10.1080/1369118X.2017.1329333},
  journal = {Information, Communication \& Society},
  keywords = {content analysis,online communication,opposition party,politics,Populist communication,social media}
}

@article{FacebookHateSpeech,
  title = {Facebook's {{Hate Speech Policies Censor Marginalized Users}}},
  issn = {1059-1028},
  journal = {Wired},
  keywords = {censorship,culture,facebook,lgbt,opinion}
}

@misc{FacebookSecretCensorship,
  title = {Facebook's {{Secret Censorship Rules Protect White Men From Hate Speech}}\ldots},
  howpublished = {https://www.propublica.org/article/facebook-hate-speech-censorship-internal-documents-algorithms},
  journal = {ProPublica}
}

@incollection{fangTopicsTweetsUser2016,
  title = {Topics in {{Tweets}}: {{A User Study}} of {{Topic Coherence Metrics}} for {{Twitter Data}}},
  shorttitle = {Topics in {{Tweets}}},
  booktitle = {Advances in {{Information Retrieval}}},
  author = {Fang, Anjie and Macdonald, Craig and Ounis, Iadh and Habel, Philip},
  editor = {Ferro, Nicola and Crestani, Fabio and Moens, Marie-Francine and Mothe, Josiane and Silvestri, Fabrizio and Di Nunzio, Giorgio Maria and Hauff, Claudia and Silvello, Gianmaria},
  year = {2016},
  volume = {9626},
  pages = {492--504},
  publisher = {{Springer International Publishing}},
  address = {{Cham}},
  doi = {10.1007/978-3-319-30671-1_36},
  isbn = {978-3-319-30670-4 978-3-319-30671-1}
}

@article{faniUserCommunityDetection2020,
  title = {User Community Detection via Embedding of Social Network Structure and Temporal Content},
  author = {Fani, Hossein and Jiang, Eric and Bagheri, Ebrahim and {Al-Obeidat}, Feras and Du, Weichang and Kargar, Mehdi},
  year = {2020},
  month = mar,
  volume = {57},
  pages = {102056},
  issn = {0306-4573},
  doi = {10.1016/j.ipm.2019.102056},
  journal = {Information Processing \& Management},
  keywords = {Social network analysis,Twitter,User community detection}
}

@article{farshchianUsingEmailWWW1999,
  title = {Using Email and {{WWW}} in a Distributed Participatory Design Project},
  author = {Farshchian, Babak A. and Divitini, Monica},
  year = {1999},
  volume = {20},
  pages = {10--15},
  publisher = {{ACM New York, NY, USA}},
  journal = {ACM SIGGROUP Bulletin}
}

@article{feredayDemonstratingRigorUsing2006,
  title = {Demonstrating Rigor Using Thematic Analysis: {{A}} Hybrid Approach of Inductive and Deductive Coding and Theme Development},
  shorttitle = {Demonstrating Rigor Using Thematic Analysis},
  author = {Fereday, Jennifer and {Muir-Cochrane}, Eimear},
  year = {2006},
  volume = {5},
  pages = {80--92},
  publisher = {{SAGE Publications Sage CA: Los Angeles, CA}},
  journal = {International journal of qualitative methods}
}

@article{fergusWhitegenocideAltrightConspiracy2019,
  title = {\#whitegenocide, the {{Alt}}-Right and {{Conspiracy Theory}}: {{How Secrecy}} and {{Suspicion Contributed}} to the {{Mainstreaming}} of {{Hate}}},
  author = {Fergus, Andrew},
  year = {2019},
  pages = {50},
  journal = {Secrecy and Society}
}

@article{fieldFramingAgendasettingRussian2018,
  title = {Framing and Agenda-Setting in Russian News: A Computational Analysis of Intricate Political Strategies},
  shorttitle = {Framing and Agenda-Setting in Russian News},
  author = {Field, Anjalie and Kliger, Doron and Wintner, Shuly and Pan, Jennifer and Jurafsky, Dan and Tsvetkov, Yulia},
  year = {2018},
  journal = {arXiv preprint arXiv:1808.09386}
}

@misc{flamminiRiseSocialBots,
  title = {The {{Rise}} of {{Social Bots}}},
  author = {Flammini, Onur Varol, Clayton Davis, Filippo Menczer, Alessandro, Emilio Ferrara},
  howpublished = {https://cacm.acm.org/magazines/2016/7/204021-the-rise-of-social-bots/fulltext}
}

@article{forscherPsychologicalProfileAltRight2020,
  title = {A {{Psychological Profile}} of the {{Alt}}-{{Right}}},
  author = {Forscher, Patrick S. and Kteily, Nour S.},
  year = {2020},
  month = jan,
  volume = {15},
  pages = {90--116},
  publisher = {{SAGE Publications Inc; http://web.archive.org/web/20200531053050/https://journals.sagepub.com/doi/10.1177/1745691619868208}},
  issn = {1745-6916},
  doi = {10.1177/1745691619868208},
  journal = {Perspect Psychol Sci}
}

@article{fortunatoCommunityDetectionNetworks2016,
  title = {Community Detection in Networks: {{A}} User Guide},
  shorttitle = {Community Detection in Networks},
  author = {Fortunato, Santo and Hric, Darko},
  year = {2016},
  month = nov,
  volume = {659},
  pages = {1--44},
  issn = {0370-1573},
  doi = {10.1016/j.physrep.2016.09.002},
  journal = {Physics Reports},
  keywords = {Clustering,Communities,Networks},
  series = {Community Detection in Networks: {{A}} User Guide}
}

@book{foucaultSocietyMustBe2003,
  title = {Society Must Be Defended: Lectures at the {{Coll\`ege}} de {{France}}, 1975-76},
  shorttitle = {Society Must Be Defended},
  author = {Foucault, Michel and Bertani, Mauro and Fontana, Alessandro and Ewald, Fran{\c c}ois and Macey, David},
  year = {2003},
  edition = {1st ed},
  publisher = {{Picador}},
  address = {{New York}},
  isbn = {978-0-312-20318-4},
  keywords = {Philosophy,Political science,Power (Philosophy),War (Philosophy)},
  lccn = {B2430.F723 F3813 2003}
}

@inproceedings{franciaMethodologySocialBI2014,
  title = {A Methodology for Social {{BI}}},
  booktitle = {Proceedings of the 18th {{International Database Engineering}} \& {{Applications Symposium}}},
  author = {Francia, Matteo and Golfarelli, Matteo and Rizzi, Stefano},
  year = {2014},
  month = jul,
  pages = {207--216},
  publisher = {{Association for Computing Machinery}},
  address = {{Porto, Portugal}},
  doi = {10.1145/2628194.2628250},
  isbn = {978-1-4503-2627-8},
  keywords = {business intelligence,design methodologies,sentiment analysis,user-generated content},
  series = {{{IDEAS}} '14}
}

@article{franciaSocialBIUnderstand2019,
  title = {Social {{BI}} to Understand the Debate on Vaccines on the {{Web}} and Social Media: Unraveling the Anti-, Free, and pro-Vax Communities in {{Italy}}},
  shorttitle = {Social {{BI}} to Understand the Debate on Vaccines on the {{Web}} and Social Media},
  author = {Francia, Matteo and Gallinucci, Enrico and Golfarelli, Matteo},
  year = {2019},
  month = aug,
  volume = {9},
  pages = {46},
  issn = {1869-5469},
  doi = {10.1007/s13278-019-0590-x},
  journal = {Soc. Netw. Anal. Min.}
}

@article{fraserRethinkingPublicSphere1990,
  title = {Rethinking the Public Sphere: {{A}} Contribution to the Critique of Actually Existing Democracy},
  shorttitle = {Rethinking the Public Sphere},
  author = {Fraser, Nancy},
  year = {1990},
  pages = {56--80},
  publisher = {{JSTOR}},
  journal = {Social text}
}

@article{freelonDiscourseArchitectureIdeology2015,
  title = {Discourse Architecture, Ideology, and Democratic Norms in Online Political Discussion},
  author = {Freelon, Deen},
  year = {2015},
  month = may,
  volume = {17},
  pages = {772--791},
  publisher = {{SAGE Publications; http://web.archive.org/web/20200506082831/https://journals.sagepub.com/doi/10.1177/1461444813513259}},
  issn = {1461-4448},
  doi = {10.1177/1461444813513259},
  journal = {New Media \& Society}
}

@article{freelonTweetingLeftRight,
  title = {Tweeting {{Left}}, {{Right}} \& {{Center}}:},
  author = {Freelon, Deen},
  pages = {38}
}

@article{frickelOrganizationExpertActivism2015,
  title = {The {{Organization}} of {{Expert Activism}}: {{Shadow Mobilization}} in {{Two Social Movements}}},
  shorttitle = {The {{Organization}} of {{Expert Activism}}},
  author = {Frickel, Scott and Torcasso, Rebekah and Anderson, Annika},
  year = {2015},
  month = sep,
  volume = {20},
  pages = {305--323},
  publisher = {{Allen Press; http://web.archive.org/web/20200516055633/https://meridian.allenpress.com/mobilization/article-abstract/20/3/305/82969/The-Organization-of-Expert-Activism-Shadow?redirectedFrom=fulltext}},
  issn = {1086-671X},
  doi = {10.17813/1086-671X-20-3-305},
  journal = {Mobilization: An International Quarterly}
}

@article{froioTransnationalisationFarRight2019,
  title = {The Transnationalisation of Far Right Discourse on {{Twitter}}},
  author = {Froio, Caterina and Ganesh, Bharath},
  year = {2019},
  month = aug,
  volume = {21},
  pages = {513--539},
  publisher = {{Routledge}},
  issn = {1461-6696},
  doi = {10.1080/14616696.2018.1494295},
  journal = {European Societies},
  keywords = {Far right,issues,movements,social network analysis,transnationalism,Twitter}
}

@inproceedings{fulgoniEmpiricalExplorationMoral2016,
  title = {An Empirical Exploration of Moral Foundations Theory in Partisan News Sources},
  booktitle = {Proceedings of the {{Tenth International Conference}} on {{Language Resources}} and {{Evaluation}} ({{LREC}}'16)},
  author = {Fulgoni, Dean and Carpenter, Jordan and Ungar, Lyle and {Preo{\c t}iuc-Pietro}, Daniel},
  year = {2016},
  pages = {3730--3736}
}

@misc{gabrielmurrayshafiqjotygiuseppecareniniC183001NLPConversations,
  title = {C18-3001.{{NLP}} for {{Conversations}}},
  author = {{Gabriel Murray, Shafiq Joty, Giuseppe Carenini}}
}

@article{gallaherMainstreamingWhiteSupremacy2020,
  title = {Mainstreaming White Supremacy: A Twitter Analysis of the {{American}} `{{Alt}}-{{Right}}'},
  shorttitle = {Mainstreaming White Supremacy},
  author = {Gallaher, Carolyn},
  year = {2020},
  month = jan,
  volume = {0},
  pages = {1--29},
  publisher = {{Routledge}},
  issn = {0966-369X},
  doi = {10.1080/0966369X.2019.1710472},
  journal = {Gender, Place \& Culture},
  keywords = {‘alt-right’,Mainstreaming,Misogyny,Twitter,white identity politics,white supremacy}
}

@article{gallowayFocusGroupsVirtual2011,
  title = {Focus Groups in the Virtual World: {{Implications}} for the Future of Evaluation},
  shorttitle = {Focus Groups in the Virtual World},
  author = {Galloway, Kristin L.},
  year = {2011},
  volume = {2011},
  pages = {47--51},
  issn = {1534-875X},
  doi = {10.1002/ev.377},
  journal = {New Directions for Evaluation}
}

@article{ganeshCounteringExtremistsSocial2020,
  title = {Countering {{Extremists}} on {{Social Media}}: {{Challenges}} for {{Strategic Communication}} and {{Content Moderation}}},
  shorttitle = {Countering {{Extremists}} on {{Social Media}}},
  author = {Ganesh, Bharath and Bright, Jonathan},
  year = {2020},
  volume = {12},
  pages = {6--19},
  issn = {1944-2866},
  doi = {10.1002/poi3.236},
  copyright = {\textcopyright{} 2020 Policy Studies Organization},
  journal = {Policy \& Internet},
  keywords = {content moderation,contra mensajes,contrarrestar el extremismo violento,counter messaging,countering violent extremism,CVE,extremism,extremismo,free speech,libertad de expresión,moderación de contenido,online platforms,plataformas en línea,Redes sociales,regulación,regulation,social media,信息反击,内容审核,反暴力极端主义,极端主义,监管,社交媒体,网络平台,自由言论}
}

@article{garciarenaExtensiveAnalysisInteraction2017,
  title = {An Extensive Analysis of the Interaction between Missing Data Types, Imputation Methods, and Supervised Classifiers},
  author = {Garciarena, Unai and Santana, Roberto},
  year = {2017},
  month = dec,
  volume = {89},
  pages = {52--65},
  issn = {0957-4174},
  doi = {10.1016/j.eswa.2017.07.026},
  journal = {Expert Systems with Applications},
  keywords = {Imputation methods,Machine learning,Missing data,Supervised classifiers}
}

@article{garciaTutorialPracticalTips2016,
  title = {Tutorial on Practical Tips of the Most Influential Data Preprocessing Algorithms in Data Mining},
  author = {Garc{\'i}a, Salvador and Luengo, Juli{\'a}n and Herrera, Francisco},
  year = {2016},
  month = apr,
  volume = {98},
  pages = {1--29},
  issn = {0950-7051},
  doi = {10.1016/j.knosys.2015.12.006},
  journal = {Knowledge-Based Systems},
  keywords = {Data mining,Data preprocessing,Data reduction,Dimensionality reduction,Discretization,Instance reduction,Missing values imputation,Noise filtering}
}

@article{gastilPublicDeliberationOrganizing2007,
  title = {Public {{Deliberation}} as the {{Organizing Principle}} of {{Political Communication Research}}},
  author = {Gastil, John and Black, Laura},
  year = {2007},
  month = dec,
  volume = {4},
  journal = {Journal of Public Deliberation}
}

@inproceedings{gatehouseTroublingVulnerabilityDesigning2018,
  title = {Troubling {{Vulnerability}}: {{Designing}} with {{LGBT Young People}}'s {{Ambivalence Towards Hate Crime Reporting}}},
  shorttitle = {Troubling {{Vulnerability}}},
  booktitle = {Proceedings of the 2018 {{CHI Conference}} on {{Human Factors}} in {{Computing Systems}}},
  author = {Gatehouse, Cally and Wood, Matthew and Briggs, Jo and Pickles, James and Lawson, Shaun},
  year = {2018},
  pages = {1--13}
}

@article{gattinaraFarRightSocial2019,
  title = {The Far Right as Social Movement},
  author = {Gattinara, Pietro Castelli and Pirro, Andrea L. P.},
  year = {2019},
  month = aug,
  volume = {21},
  pages = {447--462},
  publisher = {{Routledge}},
  issn = {1461-6696},
  doi = {10.1080/14616696.2018.1494301},
  journal = {European Societies},
  keywords = {activism,Far right,mobilisation,political parties,social movements}
}

@article{geigerBotbasedCollectiveBlocklists2016,
  title = {Bot-Based Collective Blocklists in {{Twitter}}: The Counterpublic Moderation of Harassment in a Networked Public Space},
  shorttitle = {Bot-Based Collective Blocklists in {{Twitter}}},
  author = {Geiger, R. Stuart},
  year = {2016},
  month = jun,
  volume = {19},
  pages = {787--803},
  publisher = {{Routledge}},
  issn = {1369-118X},
  doi = {10.1080/1369118X.2016.1153700},
  journal = {Information, Communication \& Society},
  keywords = {algorithms,Harassment,moderation,networked publics,public sphere,social media}
}

@article{geigerBotsBespokeCode2014,
  title = {Bots, Bespoke, Code and the Materiality of Software Platforms},
  author = {Geiger, R. Stuart},
  year = {2014},
  month = mar,
  volume = {17},
  pages = {342--356},
  issn = {1369-118X, 1468-4462},
  doi = {10.1080/1369118X.2013.873069},
  journal = {Information, Communication \& Society}
}

@article{geigerSUCCESSORSYSTEMSROLE,
  title = {{{SUCCESSOR SYSTEMS}}: {{THE ROLE OF REFLEXIVE ALGORITMS IN ENACTING IDEOLOGICAL CRITIQUE}}},
  author = {Geiger, R Stuart},
  pages = {4}
}

@article{gentzkowMeasuringGroupDifferences2019,
  title = {Measuring {{Group Differences}} in {{High}}-{{Dimensional Choices}}: {{Method}} and {{Application}} to {{Congressional Speech}}},
  shorttitle = {Measuring {{Group Differences}} in {{High}}-{{Dimensional Choices}}},
  author = {Gentzkow, Matthew and Shapiro, Jesse M. and Taddy, Matt},
  year = {2019},
  volume = {87},
  pages = {1307--1340},
  issn = {0012-9682},
  doi = {10.3982/ECTA16566},
  journal = {ECTA},
  keywords = {archived}
}

@article{gentzkowTextData2019,
  title = {Text as {{Data}}},
  author = {Gentzkow, Matthew and Kelly, Bryan and Taddy, Matt},
  year = {2019},
  month = sep,
  volume = {57},
  pages = {535--574},
  issn = {0022-0515},
  doi = {10.1257/jel.20181020},
  journal = {Journal of Economic Literature},
  keywords = {archived}
}

@article{gerdesMeasuringEmpathy21st2011,
  title = {Measuring {{Empathy}} in the 21st {{Century}}: {{Development}} of an {{Empathy Index Rooted}} in {{Social Cognitive Neuroscience}} and {{Social Justice}}},
  shorttitle = {Measuring {{Empathy}} in the 21st {{Century}}},
  author = {Gerdes, K. E. and Lietz, C. A. and Segal, E. A.},
  year = {2011},
  month = jun,
  volume = {35},
  pages = {83--93},
  issn = {1070-5309, 1545-6838},
  doi = {10.1093/swr/35.2.83},
  journal = {Social Work Research},
  keywords = {archived}
}

@article{gerrardContentModerationSocial2019,
  title = {Content Moderation: {{Social}} Media's Sexist Assemblages},
  shorttitle = {Content Moderation},
  author = {Gerrard, Y.},
  year = {2019},
  publisher = {{SAGE Publications}},
  journal = {New Media and Society}
}

@inproceedings{ghoshSamplingWisdomCrowds2013,
  title = {On Sampling the Wisdom of Crowds: Random vs. Expert Sampling of the Twitter Stream},
  shorttitle = {On Sampling the Wisdom of Crowds},
  booktitle = {Proceedings of the 22nd {{ACM}} International Conference on {{Information}} \& {{Knowledge Management}}},
  author = {Ghosh, Saptarshi and Zafar, Muhammad Bilal and Bhattacharya, Parantapa and Sharma, Naveen and Ganguly, Niloy and Gummadi, Krishna},
  year = {2013},
  pages = {1739--1744}
}

@inproceedings{ghoshWhoModeratesModerators2011,
  title = {Who Moderates the Moderators? Crowdsourcing Abuse Detection in User-Generated Content},
  shorttitle = {Who Moderates the Moderators?},
  booktitle = {Proceedings of the 12th {{ACM}} Conference on {{Electronic}} Commerce},
  author = {Ghosh, Arpita and Kale, Satyen and McAfee, Preston},
  year = {2011},
  month = jun,
  pages = {167--176},
  publisher = {{Association for Computing Machinery}},
  address = {{San Jose, California, USA}},
  doi = {10.1145/1993574.1993599},
  isbn = {978-1-4503-0261-6},
  keywords = {crowdsourcing,moderation,user-generated content},
  series = {{{EC}} '11}
}

@article{gidronChangesMaterialCircumstances2019,
  title = {Do {{Changes}} in {{Material Circumstances Drive Support}} for {{Populist Radical Parties}}? {{Panel Data Evidence}} from the {{Netherlands}} during the {{Great Recession}}, 2007\textendash 2015},
  shorttitle = {Do {{Changes}} in {{Material Circumstances Drive Support}} for {{Populist Radical Parties}}?},
  author = {Gidron, Noam and Mijs, Jonathan J B},
  year = {2019},
  month = oct,
  volume = {35},
  pages = {637--650},
  issn = {0266-7215, 1468-2672},
  doi = {10.1093/esr/jcz023},
  journal = {European Sociological Review},
  keywords = {archived}
}

@book{gillespieCustodiansInternetPlatforms2018,
  title = {Custodians of the Internet: {{Platforms}}, Content Moderation, and the Hidden Decisions That Shape Social Media},
  shorttitle = {Custodians of the Internet},
  author = {Gillespie, Tarleton},
  year = {2018},
  month = jan,
  pages = {288},
  journal = {Custodians of the Internet: Platforms, Content Moderation, and the Hidden Decisions That Shape Social Media}
}

@inproceedings{gleichVertexNeighborhoodsLow2012,
  title = {Vertex Neighborhoods, Low Conductance Cuts, and Good Seeds for Local Community Methods},
  booktitle = {Proceedings of the 18th {{ACM SIGKDD}} International Conference on {{Knowledge}} Discovery and Data Mining - {{KDD}} '12},
  author = {Gleich, David F. and Seshadhri, C.},
  year = {2012},
  pages = {597},
  publisher = {{ACM Press}},
  address = {{Beijing, China}},
  doi = {10.1145/2339530.2339628},
  isbn = {978-1-4503-1462-6},
  keywords = {archived}
}

@article{gogginsConnectingTheorySocial2014,
  title = {Connecting {{Theory}} to {{Social Technology Platforms}}: {{A Framework}} for {{Measuring Influence}} in {{Context}}},
  shorttitle = {Connecting {{Theory}} to {{Social Technology Platforms}}},
  author = {Goggins, Sean and Petakovic, Eva},
  year = {2014},
  month = sep,
  volume = {58},
  pages = {1376--1392},
  publisher = {{SAGE Publications Inc; http://web.archive.org/web/20200518020521/https://journals.sagepub.com/doi/10.1177/0002764214527093}},
  issn = {0002-7642},
  doi = {10.1177/0002764214527093},
  journal = {American Behavioral Scientist}
}

@article{goldenbergDigitalEmotionContagion2020,
  title = {Digital {{Emotion Contagion}}},
  author = {Goldenberg, Amit and Gross, James J.},
  year = {2020},
  month = feb,
  pages = {S1364661320300279},
  issn = {13646613},
  doi = {10.1016/j.tics.2020.01.009},
  journal = {Trends in Cognitive Sciences},
  keywords = {to read}
}

@article{gorwaAlgorithmicContentModeration2020,
  title = {Algorithmic Content Moderation: {{Technical}} and Political Challenges in the Automation of Platform Governance},
  shorttitle = {Algorithmic Content Moderation},
  author = {Gorwa, Robert and Binns, Reuben and Katzenbach, Christian},
  year = {2020},
  month = jan,
  volume = {7},
  pages = {2053951719897945},
  publisher = {{SAGE Publications Ltd; http://web.archive.org/web/20200428230826/https://journals.sagepub.com/doi/10.1177/2053951719897945}},
  issn = {2053-9517},
  doi = {10.1177/2053951719897945},
  journal = {Big Data \& Society}
}

@inproceedings{grabowiczDistinguishingTopicalNonTopical2016,
  title = {Distinguishing between {{Topical}} and {{Non}}-{{Topical Information Diffusion Mechanisms}} in {{Social Media}}},
  booktitle = {Tenth {{International AAAI Conference}} on {{Web}} and {{Social Media}}},
  author = {Grabowicz, Przemyslaw A. and Ganguly, Niloy and Gummadi, Krishna P.},
  year = {2016},
  month = mar,
  copyright = {Authors who publish a paper in this conference agree to the following terms:    1. Author(s) agree to transfer their copyrights in their article/paper to the Association for the Advancement of Artificial Intelligence (AAAI), in order to deal with future requests for reprints, translations, anthologies, reproductions, excerpts, and other publications. This grant will include, without limitation, the entire copyright in the article/paper in all countries of the world, including all renewals, extensions, and reversions thereof, whether such rights current exist or hereafter come into effect, and also the exclusive right to create electronic versions of the article/paper, to the extent that such right is not subsumed under copyright.    2. The author(s) warrants that they are the sole author and owner of the copyright in the above article/paper, except for those portions shown to be in quotations; that the article/paper is original throughout; and that the undersigned right to make the grants set forth above is complete and unencumbered.    3. The author(s) agree that if anyone brings any claim or action alleging facts that, if true, constitute a breach of any of the foregoing warranties, the author(s) will hold harmless and indemnify AAAI, their grantees, their licensees, and their distributors against any liability, whether under judgment, decree, or compromise, and any legal fees and expenses arising out of that claim or actions, and the undersigned will cooperate fully in any defense AAAI may make to such claim or action. Moreover, the undersigned agrees to cooperate in any claim or other action seeking to protect or enforce any right the undersigned has granted to AAAI in the article/paper. If any such claim or action fails because of facts that constitute a breach of any of the foregoing warranties, the undersigned agrees to reimburse whomever brings such claim or action for expenses and attorneys' fees incurred therein.    4. Author(s) retain all proprietary rights other than copyright (such as patent rights).    5. Author(s) may make personal reuse of all or portions of the above article/paper in other works of their own authorship.    6. Author(s) may reproduce, or have reproduced, their article/paper for the author's personal use, or for company use provided that AAAI copyright and the source are indicated, and that the copies are not used in a way that implies AAAI endorsement of a product or service of an employer, and that the copies per se are not offered for sale. The foregoing right shall not permit the posting of the article/paper in electronic or digital form on any computer network, except by the author or the author's employer, and then only on the author's or the employer's own web page or ftp site. Such web page or ftp site, in addition to the aforementioned requirements of this Paragraph, must provide an electronic reference or link back to the AAAI electronic server, and shall not post other AAAI copyrighted materials not of the author's or the employer's creation (including tables of contents with links to other papers) without AAAI's written permission.    7. Author(s) may make limited distribution of all or portions of their article/paper prior to publication.    8. In the case of work performed under U.S. Government contract, AAAI grants the U.S. Government royalty-free permission to reproduce all or portions of the above article/paper, and to authorize others to do so, for U.S. Government purposes.    9. In the event the above article/paper is not accepted and published by AAAI, or is withdrawn by the author(s) before acceptance by AAAI, this agreement becomes null and void.}
}

@misc{greenblattRightWingExtremistViolence,
  title = {Right-{{Wing Extremist Violence}} Is {{Our Biggest Threat}}. {{The Numbers Don}}'t {{Lie}}.},
  author = {Greenblatt, Jonathan},
  howpublished = {https://www.adl.org/news/op-ed/right-wing-extremist-violence-is-our-biggest-threat-the-numbers-dont-lie},
  journal = {Anti-Defamation League}
}

@inproceedings{greeneHowManyTopics2014,
  title = {How {{Many Topics}}? {{Stability Analysis}} for {{Topic Models}}},
  shorttitle = {How {{Many Topics}}?},
  booktitle = {Machine {{Learning}} and {{Knowledge Discovery}} in {{Databases}}},
  author = {Greene, Derek and O'Callaghan, Derek and Cunningham, P{\'a}draig},
  editor = {Calders, Toon and Esposito, Floriana and H{\"u}llermeier, Eyke and Meo, Rosa},
  year = {2014},
  pages = {498--513},
  publisher = {{Springer}},
  address = {{Berlin, Heidelberg}},
  doi = {10.1007/978-3-662-44848-9_32},
  isbn = {978-3-662-44848-9},
  keywords = {Negative Matrix Factorization,News Article,Probabilistic Latent Semantic Analysis,Text Corpus,Topic Model},
  series = {Lecture {{Notes}} in {{Computer Science}}}
}

@article{grieveAnalyzingLexicalEmergence2017,
  title = {Analyzing Lexical Emergence in {{Modern American English}} Online},
  author = {Grieve, Jack and Nini, Andrea and Guo, Diansheng},
  year = {2017},
  month = mar,
  volume = {21},
  pages = {99--127},
  issn = {1360-6743, 1469-4379},
  doi = {10.1017/S1360674316000113},
  journal = {English Language and Linguistics},
  keywords = {archived}
}

@article{grimmelmannVirtuesModeration2015,
  title = {The {{Virtues}} of {{Moderation}}},
  author = {Grimmelmann, James},
  year = {2015},
  volume = {17},
  pages = {42},
  journal = {Yale J.L. \& Tech.}
}

@book{grodinConstructingSelfMediated1996,
  title = {Constructing the {{Self}} in a {{Mediated World}}},
  author = {Grodin, Debra and Lindlof, Thomas R.},
  year = {1996},
  month = jan,
  publisher = {{SAGE Publications}},
  googlebooks = {JthyAwAAQBAJ},
  isbn = {978-1-4522-4790-8},
  keywords = {Language Arts \& Disciplines / Communication Studies}
}

@book{grossbergCulturalStudiesFuture2010,
  title = {Cultural {{Studies}} in the {{Future Tense}}},
  author = {Grossberg, Lawrence},
  year = {2010},
  month = nov,
  publisher = {{Duke University Press}},
  googlebooks = {1ekRbW6ndnoC},
  isbn = {978-0-8223-4830-6},
  keywords = {Literary Criticism / Semiotics \& Theory,Social Science / Anthropology / Cultural \& Social,Social Science / Media Studies}
}

@inproceedings{groverDetectingPotentialWarning2019,
  title = {Detecting {{Potential Warning Behaviors}} of {{Ideological Radicalization}} in an {{Alt}}-{{Right Subreddit}}},
  booktitle = {Proceedings of the {{International AAAI Conference}} on {{Web}} and {{Social Media}}},
  author = {Grover, Ted and Mark, Gloria},
  year = {2019},
  volume = {13},
  pages = {193--204}
}

@article{guoApplicationSocialNetwork2012,
  title = {The {{Application}} of {{Social Network Analysis}} in {{Agenda Setting Research}}: {{A Methodological Exploration}}},
  shorttitle = {The {{Application}} of {{Social Network Analysis}} in {{Agenda Setting Research}}},
  author = {Guo, Lei},
  year = {2012},
  month = oct,
  volume = {56},
  pages = {616--631},
  publisher = {{Routledge}},
  issn = {0883-8151},
  doi = {10.1080/08838151.2012.732148},
  journal = {Journal of Broadcasting \& Electronic Media}
}

@book{gursteinWhatCommunityInformatics2007,
  title = {What Is Community Informatics (and Why Does It Matter)?},
  author = {Gurstein, Michael},
  year = {2007},
  volume = {2},
  publisher = {{Polimetrica sas}},
  isbn = {88-7699-097-6}
}

@incollection{guttingMichelFoucault2019,
  title = {Michel {{Foucault}}},
  booktitle = {The {{Stanford Encyclopedia}} of {{Philosophy}}},
  author = {Gutting, Gary and Oksala, Johanna},
  editor = {Zalta, Edward N.},
  year = {2019},
  edition = {Spring 2019},
  publisher = {{Metaphysics Research Lab, Stanford University}}
}

@misc{guynnFacebookBlackUsers,
  title = {Facebook While Black: {{Users}} Call It Getting '{{Zucked}},' Say Talking about Racism Is Censored as Hate Speech},
  shorttitle = {Facebook While Black},
  author = {Guynn, Jessica},
  howpublished = {https://www.usatoday.com/story/news/2019/04/24/facebook-while-black-zucked-users-say-they-get-blocked-racism-discussion/2859593002/},
  journal = {USA TODAY}
}

@book{habermasStructuralTransformationPublic1991,
  title = {The Structural Transformation of the Public Sphere: {{An}} Inquiry into a Category of Bourgeois Society},
  shorttitle = {The Structural Transformation of the Public Sphere},
  author = {Habermas, Jurgen and Habermas, J{\"u}rgen},
  year = {1991},
  publisher = {{MIT press}}
}

@article{haimsonDesigningTransTechnology,
  title = {Designing {{Trans Technology}}: {{Defining Challenges}} and {{Envisioning Community}}-{{Centered Solutions}}},
  author = {Haimson, Oliver L and Gorrell, Dykee and Starks, Denny L and Weinger, Zu},
  pages = {14}
}

@inproceedings{haimsonDigitalFootprintsChanging2016,
  title = {Digital {{Footprints}} and {{Changing Networks During Online Identity Transitions}}},
  booktitle = {Proceedings of the 2016 {{CHI Conference}} on {{Human Factors}} in {{Computing Systems}}},
  author = {Haimson, Oliver L. and Brubaker, Jed R. and Dombrowski, Lynn and Hayes, Gillian R.},
  year = {2016},
  month = may,
  pages = {2895--2907},
  publisher = {{ACM}},
  address = {{San Jose California USA}},
  doi = {10.1145/2858036.2858136},
  isbn = {978-1-4503-3362-7},
  keywords = {to read}
}

@article{hallJapanRightwingYouTubers2018,
  title = {Japan's {{Right}}-Wing {{YouTubers}}: {{Finding}} a {{Niche}} in an {{Environment}} of {{Increased Censorship}}},
  shorttitle = {Japan's {{Right}}-Wing {{YouTubers}}},
  author = {Hall, Jeffrey James},
  year = {2018},
  month = aug,
  volume = {8},
  pages = {315--347},
  issn = {2234-0386},
  doi = {10.24987/SNUACAR.2018.08.8.1.315},
  journal = {SNUACAR},
  keywords = {archived}
}

@article{hameleersItUsThem2017,
  title = {It's Us against Them: A Comparative Experiment on the Effects of Populist Messages Communicated via Social Media},
  shorttitle = {It's Us against Them},
  author = {Hameleers, Michael and Schmuck, Desir{\'e}e},
  year = {2017},
  month = sep,
  volume = {20},
  pages = {1425--1444},
  publisher = {{Routledge}},
  issn = {1369-118X},
  doi = {10.1080/1369118X.2017.1328523},
  journal = {Information, Communication \& Society},
  keywords = {media effects,media populism,Political communication,populism,responsibility attribution,social media}
}

@article{hammondWhatOnlineCommunity2017,
  title = {What Is an Online Community? {{A}} New Definition Based around Commitment, Connection, Reciprocity, Interaction, Agency, and Consequences},
  shorttitle = {What Is an Online Community?},
  author = {Hammond, Michael},
  year = {2017},
  volume = {13},
  pages = {118},
  issn = {1477-8394, 1741-8216},
  doi = {10.1504/IJWBC.2017.082717},
  journal = {IJWBC}
}

@article{hanckelFindingCommunityContesting2014,
  title = {Finding Community and Contesting Heteronormativity: Queer Young People's Engagement in an {{Australian}} Online Community},
  shorttitle = {Finding Community and Contesting Heteronormativity},
  author = {Hanckel, Benjamin and Morris, Alan},
  year = {2014},
  volume = {17},
  pages = {872--886},
  publisher = {{Taylor \& Francis}},
  journal = {Journal of Youth Studies}
}

@inproceedings{hardyParticipatoryDesignFuture2019,
  title = {Participatory {{Design}} and the {{Future}} of {{Rural LGBTQ Communities}}},
  booktitle = {Companion {{Publication}} of the 2019 on {{Designing Interactive Systems Conference}} 2019 {{Companion}}},
  author = {Hardy, Jean and Vargas, Stefani},
  year = {2019},
  month = jun,
  pages = {195--199},
  publisher = {{Association for Computing Machinery}},
  address = {{San Diego, CA, USA}},
  doi = {10.1145/3301019.3323894},
  isbn = {978-1-4503-6270-2},
  keywords = {futures,identity,lgbtq,participatory design,rural},
  series = {{{DIS}} '19 {{Companion}}}
}

@article{harmerOnlineOtheringIntroduction2019,
  title = {Online {{Othering}}: {{An Introduction}}},
  shorttitle = {Online {{Othering}}},
  author = {Harmer, Emily and Lumsden, Karen},
  year = {2019},
  pages = {1--33},
  publisher = {{Palgrave Macmillan, Cham; http://web.archive.org/web/20200409195315/https://link.springer.com/chapter/10.1007/978-3-030-12633-9\_1}},
  doi = {10.1007/978-3-030-12633-9_1},
  journal = {Online Othering}
}

@article{harnarTheoryBuildingPraxis2012,
  title = {Theory {{Building Through Praxis Discourse}}: {{A Theory}}- {{And Practice}}-{{Informed Model}} of {{Transformative Participatory Evaluation}}},
  shorttitle = {Theory {{Building Through Praxis Discourse}}},
  author = {Harnar, Michael},
  year = {2012},
  month = jan,
  doi = {10.5642/cguetd/57},
  journal = {CGU Theses \& Dissertations}
}

@misc{hartEntryistsEntryPoint2016,
  title = {Entryists or {{Entry Point}}? {{In Defense}} of the {{Alt}}-{{Lite}}},
  shorttitle = {Entryists or {{Entry Point}}?},
  author = {Hart, Alexander},
  year = {2016},
  month = aug,
  howpublished = {https://www.amren.com/news/2016/08/entryists-or-entry-point-in-defense-of-the-alt-lite/},
  journal = {American Renaissance}
}

@article{hartzellAltWhiteConceptualizingAltRight,
  title = {Alt-{{White}}: {{Conceptualizing}} the ``{{Alt}}-{{Right}}'' as a {{Rhetorical Bridge}} between {{White Nationalism}} and {{Mainstream Public Discourse}}},
  author = {Hartzell, Stephanie L},
  pages = {20}
}

@book{hawleyAltRightWhatEveryone2018,
  title = {The {{Alt}}-{{Right}}: {{What Everyone Needs}} to {{Know}}\textregistered},
  shorttitle = {The {{Alt}}-{{Right}}},
  author = {Hawley, George},
  year = {2018},
  month = nov,
  publisher = {{Oxford University Press}},
  googlebooks = {P9t1DwAAQBAJ},
  isbn = {978-0-19-090521-7},
  keywords = {Political Science / General,Political Science / Political Ideologies / General,Political Science / Political Ideologies / Nationalism \& Patriotism,Political Science / Terrorism}
}

@misc{hawleyDemographyAltRight2018,
  title = {The {{Demography}} of the {{Alt}}-{{Right}}},
  author = {Hawley, George},
  year = {2018},
  month = aug,
  howpublished = {https://ifstudies.org/blog/the-demography-of-the-alt-right},
  journal = {Institute for Family Studies}
}

@book{hawleyMakingSenseAltright2017,
  title = {Making Sense of the Alt-Right},
  author = {Hawley, George},
  year = {2017},
  publisher = {{Columbia University Press}},
  address = {{New York}},
  isbn = {978-0-231-18512-7},
  keywords = {1980-,1989-,21st century,History,Politics and government,Social conditions,United States,White nationalism,White supremacy movements,Whites},
  lccn = {E184.A1 H3377 2017}
}

@article{hermidaShareRecommend2012,
  title = {Share, {{Like}}, {{Recommend}}},
  author = {Hermida, Alfred and Fletcher, Fred and Korell, Darryl and Logan, Donna},
  year = {2012},
  month = oct,
  volume = {13},
  pages = {815--824},
  publisher = {{Routledge}},
  issn = {1461-670X},
  doi = {10.1080/1461670X.2012.664430},
  journal = {Journalism Studies},
  keywords = {Canada,Facebook,journalism,social media,social networks,Twitter}
}

@inproceedings{hettiachchiEffectiveCrowdPoweredOnline2019,
  title = {Towards {{Effective Crowd}}-{{Powered Online Content Moderation}}},
  booktitle = {Proceedings of the 31st {{Australian Conference}} on {{Human}}-{{Computer}}-{{Interaction}}},
  author = {Hettiachchi, Danula and Goncalves, Jorge},
  year = {2019},
  month = dec,
  pages = {342--346},
  publisher = {{Association for Computing Machinery}},
  address = {{Fremantle, WA, Australia}},
  doi = {10.1145/3369457.3369491},
  isbn = {978-1-4503-7696-9},
  keywords = {content moderation,crowdsourcing,social computing,twitter sentiment analysis},
  series = {{{OZCHI}}'19}
}

@article{hillierInternetSafetyNet2012,
  title = {The {{Internet As}} a {{Safety Net}}: {{Findings From}} a {{Series}} of {{Online Focus Groups With LGB}} and {{Non}}-{{LGB Young People}} in the {{United States}}},
  shorttitle = {The {{Internet As}} a {{Safety Net}}},
  author = {Hillier, Lynne and Mitchell, Kimberly J. and Ybarra, Michele L.},
  year = {2012},
  month = jul,
  volume = {9},
  pages = {225--246},
  publisher = {{Routledge}},
  issn = {1936-1653},
  doi = {10.1080/19361653.2012.684642},
  journal = {Journal of LGBT Youth},
  keywords = {adolescent sexuality,homophobia,Internet,sexual attraction,Sexual minority youth}
}

@article{hoTumblrAdultContent2018,
  title = {Tumblr's Adult Content Ban Dismays Some Users: '{{It}} Was a Safe Space'},
  shorttitle = {Tumblr's Adult Content Ban Dismays Some Users},
  author = {Ho, Vivian},
  year = {2018},
  month = dec,
  issn = {0261-3077},
  chapter = {Technology},
  journal = {The Guardian},
  keywords = {Gender,Sexuality,Social media,Social networking,Technology,Tumblr,US news}
}

@article{hutchensReinforcingSpiralsPolitical2019,
  title = {Reinforcing Spirals of Political Discussion and Affective Polarization},
  author = {Hutchens, Myiah J. and Hmielowski, Jay D. and Beam, Michael A.},
  year = {2019},
  month = jul,
  volume = {86},
  pages = {357--376},
  publisher = {{Routledge}},
  issn = {0363-7751},
  doi = {10.1080/03637751.2019.1575255},
  journal = {Communication Monographs},
  keywords = {Affective polarization,cross-cutting,political discussion,spirals}
}

@article{hutchensWhatUsernameCivility2019,
  title = {What's in a Username? {{Civility}}, Group Identification, and Norms},
  shorttitle = {What's in a Username?},
  author = {Hutchens, Myiah J. and Silva, David E. and Hmielowski, Jay D. and Cicchirillo, Vincent J.},
  year = {2019},
  month = jul,
  volume = {16},
  pages = {203--218},
  publisher = {{Routledge}},
  issn = {1933-1681},
  doi = {10.1080/19331681.2019.1633983},
  journal = {Journal of Information Technology \& Politics},
  keywords = {emotions,incivility,Incivility,norms,political communication,social identity}
}

@article{hydeGenderSimilaritiesHypothesis2005,
  title = {The Gender Similarities Hypothesis},
  author = {Hyde, Janet Shibley},
  year = {2005},
  volume = {60},
  pages = {581--592},
  publisher = {{American Psychological Association}},
  address = {{US}},
  issn = {1935-990X(Electronic),0003-066X(Print)},
  doi = {10.1037/0003-066X.60.6.581},
  journal = {American Psychologist},
  keywords = {Age Differences,Cognitive Ability,Human Development,Human Sex Differences,Interpersonal Communication,Mass Media,Meta Analysis,Personality,Psychometrics,Psychosocial Factors,Social Influences,Theories}
}

@article{ideStudyRelationshipModularity2014,
  title = {A {{Study}} on {{Relationship}} between {{Modularity}} and {{Diffusion Dynamics}} in {{Networks}} from {{Spectral Analysis Perspective}}},
  author = {Ide, Kiyotaka and Namatame, Akira and Ponnambalam, Loganathan and Xiuju, Fu and Siow, Rick},
  year = {2014},
  volume = {5},
  issn = {21565570, 2158107X},
  doi = {10.14569/IJACSA.2014.050905},
  journal = {ijacsa},
  keywords = {archived}
}

@misc{IEEEXploreFullText,
  title = {{{IEEE Xplore Full}}-{{Text PDF}}:},
  howpublished = {https://ieeexplore.ieee.org/stamp/stamp.jsp?tp=\&arnumber=8625685}
}

@misc{IndersciencePublishersLinking,
  title = {Inderscience {{Publishers}} - Linking Academia, Business and Industry through Research},
  howpublished = {http://www.inderscience.com/offer.php?id=82717}
}

@misc{IntroductionSocialNetwork,
  title = {Introduction to {{Social Network Methods}}:~ {{Chapter}} 7:~ {{Basic Properties}} of {{Networks}} and {{Actors}}},
  howpublished = {https://faculty.ucr.edu/\textasciitilde hanneman/nettext/C7\_Connection.html}
}

@article{jacksonFergusonEverywhereInitiators2016,
  title = {\#{{Ferguson}} Is Everywhere: Initiators in Emerging Counterpublic Networks},
  shorttitle = {\#{{Ferguson}} Is Everywhere},
  author = {Jackson, Sarah J. and Welles, Brooke Foucault},
  year = {2016},
  month = mar,
  volume = {19},
  pages = {397--418},
  publisher = {{Routledge}},
  issn = {1369-118X},
  doi = {10.1080/1369118X.2015.1106571},
  journal = {Information, Communication \& Society},
  keywords = {discourse analysis,Ferguson,network analysis,networked counterpublics,policing,Social media activism}
}

@article{jacobsPopulistParadiseExamining2019,
  title = {A Populist Paradise? {{Examining}} Populists' {{Twitter}} Adoption and Use},
  shorttitle = {A Populist Paradise?},
  author = {Jacobs, Kristof and Spierings, Niels},
  year = {2019},
  month = oct,
  volume = {22},
  pages = {1681--1696},
  publisher = {{Routledge}},
  issn = {1369-118X},
  doi = {10.1080/1369118X.2018.1449883},
  journal = {Information, Communication \& Society},
  keywords = {adoption,echo chamber,interaction,populism,Twitter}
}

@article{jeongWeTakeRed2018,
  title = {We Take the Red Pill, We Confront the {{DickTrix}}: Online Feminist Activism and the Augmentation of Gendered Realities in {{South Korea}}},
  shorttitle = {We Take the Red Pill, We Confront the {{DickTrix}}},
  author = {Jeong, Euisol and Lee, Jieun},
  year = {2018},
  month = jul,
  volume = {18},
  pages = {705--717},
  publisher = {{Routledge}},
  issn = {1468-0777},
  doi = {10.1080/14680777.2018.1447354},
  journal = {Feminist Media Studies},
  keywords = {augmented reality,digital feminism,online community,Online misogyny}
}

@article{jhaverDoesTransparencyModeration2019,
  title = {Does {{Transparency}} in {{Moderation Really Matter}}? {{User Behavior After Content Removal Explanations}} on {{Reddit}}},
  shorttitle = {Does {{Transparency}} in {{Moderation Really Matter}}?},
  author = {Jhaver, Shagun and Bruckman, Amy and Gilbert, Eric},
  year = {2019},
  month = nov,
  volume = {3},
  pages = {150:1--150:27},
  doi = {10.1145/3359252},
  journal = {Proc. ACM Hum.-Comput. Interact.},
  keywords = {content moderation,content regulation,platform governance,post removals}
}

@article{jhaverHumanmachineCollaborationContent2019,
  title = {Human-Machine Collaboration for Content Regulation: {{The}} Case of {{Reddit Automoderator}}},
  shorttitle = {Human-Machine Collaboration for Content Regulation},
  author = {Jhaver, Shagun and Birman, Iris and Gilbert, Eric and Bruckman, Amy},
  year = {2019},
  volume = {26},
  pages = {1--35},
  publisher = {{ACM New York, NY, USA}},
  journal = {ACM Transactions on Computer-Human Interaction (TOCHI)}
}

@article{jiangReasoningPoliticalBias,
  title = {Reasoning about {{Political Bias}} in {{Content Moderation}}},
  author = {Jiang, Shan and Robertson, Ronald E and Wilson, Christo},
  pages = {4}
}

@book{jilbertIntroductionSocialNetworks,
  title = {1 {{Introduction}} | {{Social Networks}}: {{An Introduction}}},
  shorttitle = {1 {{Introduction}} | {{Social Networks}}},
  author = {Jilbert, Omar Lizardo {and} Isaac}
}

@misc{johndaniszewskiHowDescribeExtremists2017,
  title = {How to Describe Extremists Who Rallied in {{Charlottesville}}},
  author = {{John Daniszewski}},
  year = {2017},
  month = may,
  howpublished = {https://blog.ap.org/behind-the-news/how-to-describe-extremists-who-rallied-in-charlottesville},
  journal = {AP}
}

@misc{johndaniszewskiWritingAltright2016,
  title = {Writing about the 'Alt-Right'},
  author = {{John Daniszewski}},
  year = {2016},
  month = may,
  howpublished = {https://blog.ap.org/behind-the-news/writing-about-the-alt-right}
}

@article{johnsonAffectiveRadicalizationWhite2019,
  title = {Affective Radicalization and White Masculinity},
  author = {Johnson, Jessica},
  year = {2019},
  volume = {19},
  pages = {297--299},
  publisher = {{Taylor \& Francis}},
  journal = {Feminist Media Studies}
}

@inproceedings{johnsonAllKnowPolitics2016,
  title = {``{{All I}} Know about Politics Is What {{I}} Read in {{Twitter}}'': {{Weakly Supervised Models}} for {{Extracting Politicians}}' {{Stances From Twitter}}},
  shorttitle = {``{{All I}} Know about Politics Is What {{I}} Read in {{Twitter}}''},
  booktitle = {Proceedings of {{COLING}} 2016, the 26th {{International Conference}} on {{Computational Linguistics}}: {{Technical Papers}}},
  author = {Johnson, Kristen and Goldwasser, Dan},
  year = {2016},
  pages = {2966--2977}
}

@inproceedings{johnsonClassificationMoralFoundations2018,
  title = {Classification of Moral Foundations in Microblog Political Discourse},
  booktitle = {Proceedings of the 56th {{Annual Meeting}} of the {{Association}} for {{Computational Linguistics}} ({{Volume}} 1: {{Long Papers}})},
  author = {Johnson, Kristen and Goldwasser, Dan},
  year = {2018},
  pages = {720--730}
}

@inproceedings{johnsonIdentifyingStanceAnalyzing2016,
  title = {Identifying Stance by Analyzing Political Discourse on Twitter},
  booktitle = {Proceedings of the {{First Workshop}} on {{NLP}} and {{Computational Social Science}}},
  author = {Johnson, Kristen and Goldwasser, Dan},
  year = {2016},
  pages = {66--75}
}

@article{johnsonMaterialParticipationTechnology2013,
  title = {Material {{Participation}}: {{Technology}}, the {{Environment}} and {{Everyday Publics}}},
  shorttitle = {Material {{Participation}}},
  author = {Johnson, Mark R.},
  year = {2013},
  month = aug,
  volume = {16},
  pages = {1012--1016},
  publisher = {{Routledge}},
  issn = {1369-118X},
  doi = {10.1080/1369118X.2012.750679},
  journal = {Information, Communication \& Society}
}

@article{jonssonEvaluationTopicModelling,
  title = {An {{Evaluation}} of {{Topic Modelling Techniques}} for {{Twitter}}},
  author = {Jonsson, El\i as and Stolee, Jake},
  pages = {11}
}

@article{josephShapleyRegressionsFramework2019,
  title = {Shapley {{Regressions}}: {{A Framework}} for {{Statistical Inference}} on {{Machine Learning Models}}},
  shorttitle = {Shapley {{Regressions}}},
  author = {Joseph, Andreas},
  year = {2019},
  issn = {1556-5068},
  doi = {10.2139/ssrn.3351091},
  journal = {SSRN Journal}
}

@article{junejaLookingGlassStudy2020,
  title = {Through the {{Looking Glass}}: {{Study}} of {{Transparency}} in {{Reddit}}'s {{Moderation Practices}}},
  shorttitle = {Through the {{Looking Glass}}},
  author = {Juneja, Prerna and Rama Subramanian, Deepika and Mitra, Tanushree},
  year = {2020},
  month = jan,
  volume = {4},
  pages = {17:1--17:35},
  doi = {10.1145/3375197},
  journal = {Proc. ACM Hum.-Comput. Interact.},
  keywords = {content moderation,mixed methods,norms,online communities,rules,transparency}
}

@article{kaneWhatDifferentSocial2014,
  title = {What'{{S Different About Social Media Networks}}? {{A Framework}} and {{Research Agenda}}},
  shorttitle = {What'{{S Different About Social Media Networks}}?},
  author = {Kane, Gerald C. and Alavi, Maryam and Labianca, Giuseppe (Joe) and Borgatti, Stephen P.},
  year = {2014},
  volume = {38},
  pages = {275--304},
  publisher = {{Management Information Systems Research Center, University of Minnesota}},
  issn = {0276-7783},
  doi = {10.2307/26554878},
  journal = {MIS Quarterly}
}

@article{keeInformationDiffusionFacebook2016,
  title = {Information Diffusion, {{Facebook}} Clusters, and the Simplicial Model of Social Aggregation: A Computational Simulation of Simplicial Diffusers for Community Health Interventions},
  shorttitle = {Information Diffusion, {{Facebook}} Clusters, and the Simplicial Model of Social Aggregation},
  author = {Kee, Kerk F. and Sparks, Lisa and Struppa, Daniele C. and Mannucci, Mirco A. and Damiano, Alberto},
  year = {2016},
  month = apr,
  volume = {31},
  pages = {385--399},
  publisher = {{Routledge}},
  issn = {1041-0236},
  doi = {10.1080/10410236.2014.960061},
  journal = {Health Communication},
  pmid = {26362453; http://web.archive.org/web/20200516085925/https://www.tandfonline.com/doi/full/10.1080/10410236.2014.960061}
}

@book{keltyTwoBitsCultural2008,
  title = {Two Bits: {{The}} Cultural Significance of Free Software},
  shorttitle = {Two Bits},
  author = {Kelty, Christopher M.},
  year = {2008},
  publisher = {{Duke University Press}}
}

@phdthesis{kershawLanguageChangeEvolution2018,
  title = {Language Change and Evolution in Online Social Networks},
  author = {Kershaw, Daniel},
  year = {2018},
  school = {Lancaster University}
}

@inproceedings{kershawModellingLanguageInnovation2016,
  title = {Towards {{Modelling Language Innovation Acceptance}} in {{Online Social Networks}}},
  booktitle = {Proceedings of the {{Ninth ACM International Conference}} on {{Web Search}} and {{Data Mining}} - {{WSDM}} '16},
  author = {Kershaw, Daniel and Rowe, Matthew and Stacey, Patrick},
  year = {2016},
  pages = {553--562},
  publisher = {{ACM Press}},
  address = {{San Francisco, California, USA}},
  doi = {10.1145/2835776.2835784},
  isbn = {978-1-4503-3716-8},
  keywords = {archived}
}

@article{kieslerRegulatingBehaviorOnline2012,
  title = {Regulating Behavior in Online Communities},
  author = {Kiesler, Sara and Kraut, Robert and Resnick, Paul and Kittur, Aniket},
  year = {2012},
  pages = {125--178},
  publisher = {{MIT Press, Cambridge, MA, USA}},
  journal = {Building successful online communities: Evidence-based social design}
}

@incollection{kimMisogynyMaleSolidarity2018,
  title = {Misogyny for {{Male Solidarity}}: {{Online Hate Discourse Against Women}} in {{South Korea}}},
  shorttitle = {Misogyny for {{Male Solidarity}}},
  booktitle = {Mediating {{Misogyny}}: {{Gender}}, {{Technology}}, and {{Harassment}}},
  author = {Kim, Jinsook},
  editor = {Vickery, Jacqueline Ryan and Everbach, Tracy},
  year = {2018},
  pages = {151--169},
  publisher = {{Springer International Publishing}},
  address = {{Cham}},
  doi = {10.1007/978-3-319-72917-6_8},
  isbn = {978-3-319-72917-6},
  keywords = {Gender relations,Hate discourse,Hegemonic masculinity,Misogynistic hate speech,Online community,Online culture,Online misogyny,South Korea}
}

@article{kiteInsightsConductingRealtime2017,
  title = {Insights for Conducting Real-Time Focus Groups Online Using a Web Conferencing Service},
  author = {Kite, James and Phongsavan, Philayrath},
  year = {2017},
  month = feb,
  volume = {6},
  issn = {2046-1402},
  doi = {10.12688/f1000research.10427.1},
  journal = {F1000Res},
  pmcid = {PMC5527981; http://web.archive.org/web/20200428184938/https://www.ncbi.nlm.nih.gov/pmc/articles/PMC5527981/},
  pmid = {28781752}
}

@article{kleinbergTemporalEvolutionFarright2020,
  title = {The Temporal Evolution of a Far-Right Forum},
  author = {Kleinberg, Bennett and {van der Vegt}, Isabelle and Gill, Paul},
  year = {2020},
  month = feb,
  issn = {2432-2717, 2432-2725},
  doi = {10.1007/s42001-020-00064-x},
  journal = {J Comput Soc Sc}
}

@article{kleinTwitterCharlottesvilleAnalyzing2019,
  title = {From {{Twitter}} to {{Charlottesville}}: {{Analyzing}} the {{Fighting Words Between}} the {{Alt}}-{{Right}} and {{Antifa}}},
  author = {Klein, Adam},
  year = {2019},
  pages = {22}
}

@article{klonickNEWGOVERNORSPEOPLE,
  title = {{{THE NEW GOVERNORS}}: {{THE PEOPLE}}, {{RULES}}, {{AND PROCESSES GOVERNING ONLINE SPEECH}}},
  author = {Klonick, Kate},
  volume = {131},
  pages = {73},
  journal = {HARVARD LAW REVIEW}
}

@article{koivunenUnderstandingDecisionMakingRecruitment2019,
  title = {Understanding {{Decision}}-{{Making}} in {{Recruitment}}: {{Opportunities}} and {{Challenges}} for {{Information Technology}}},
  shorttitle = {Understanding {{Decision}}-{{Making}} in {{Recruitment}}},
  author = {Koivunen, Sami and Olsson, Thomas and Olshannikova, Ekaterina and Lindberg, Aki},
  year = {2019},
  month = dec,
  volume = {3},
  pages = {1--22},
  issn = {2573-0142, 2573-0142},
  doi = {10.1145/3361123},
  journal = {Proc. ACM Hum.-Comput. Interact.},
  keywords = {archived}
}

@article{koThisDocumentPrepublication,
  title = {This Document Is a Pre-Publication Draft Of:},
  author = {Ko, Andrew J and Fincher, Sally and Robins, V},
  pages = {22}
}

@article{kramerPopulistOnlinePractices2017,
  title = {Populist Online Practices: The Function of the {{Internet}} in Right-Wing Populism},
  shorttitle = {Populist Online Practices},
  author = {Kr{\"a}mer, Benjamin},
  year = {2017},
  month = sep,
  volume = {20},
  pages = {1293--1309},
  publisher = {{Routledge}},
  issn = {1369-118X},
  doi = {10.1080/1369118X.2017.1328520},
  journal = {Information, Communication \& Society},
  keywords = {ideology,Internet,political communication,Right-wing populism}
}

@inproceedings{krishnanSeeingForestTrees2016,
  title = {Seeing the Forest for the Trees: New Approaches to Forecasting Cascades},
  shorttitle = {Seeing the Forest for the Trees},
  booktitle = {Proceedings of the 8th {{ACM Conference}} on {{Web Science}}},
  author = {Krishnan, Siddharth and Butler, Patrick and Tandon, Ravi and Leskovec, Jure and Ramakrishnan, Naren},
  year = {2016},
  month = may,
  pages = {249--258},
  publisher = {{Association for Computing Machinery}},
  address = {{Hannover, Germany}},
  doi = {10.1145/2908131.2908155},
  isbn = {978-1-4503-4208-7},
  series = {{{WebSci}} '16}
}

@book{kuhnStructureScientificRevolutions2012,
  title = {The {{Structure}} of {{Scientific Revolutions}}: 50th {{Anniversary Edition}}},
  shorttitle = {The {{Structure}} of {{Scientific Revolutions}}},
  author = {Kuhn, Thomas S.},
  year = {2012},
  month = apr,
  publisher = {{University of Chicago Press}},
  googlebooks = {3eP5Y\_OOuzwC},
  isbn = {978-0-226-45814-4},
  keywords = {Philosophy / General,Science / General,Science / History,Science / Philosophy \& Social Aspects}
}

@article{kuszWinningBiglySporting2019,
  title = {'{{Winning Bigly}}': {{Sporting Fantasties}} of {{White Male Omnipotence}} in the {{Rise}} of {{Trump}} and {{Alt Right White Supremacy}}},
  shorttitle = {'{{Winning Bigly}}'},
  author = {Kusz, Kyle},
  year = {2019},
  month = feb,
  volume = {14},
  pages = {113},
  doi = {10.33972/jhs.127},
  journal = {Journal of Hate Studies}
}

@article{lancichinettiFindingStatisticallySignificant2011,
  title = {Finding {{Statistically Significant Communities}} in {{Networks}}},
  author = {Lancichinetti, Andrea and Radicchi, Filippo and Ramasco, Jos{\'e} J. and Fortunato, Santo},
  editor = {{Ben-Jacob}, Eshel},
  year = {2011},
  month = apr,
  volume = {6},
  pages = {e18961},
  issn = {1932-6203},
  doi = {10.1371/journal.pone.0018961},
  journal = {PLoS ONE},
  keywords = {archived}
}

@article{langoMulticlassFeatureSelection2018,
  title = {Multi-Class and Feature Selection Extensions of {{Roughly Balanced Bagging}} for Imbalanced Data},
  author = {Lango, Mateusz and Stefanowski, Jerzy},
  year = {2018},
  month = feb,
  volume = {50},
  pages = {97--127},
  issn = {1573-7675},
  doi = {10.1007/s10844-017-0446-7},
  journal = {J Intell Inf Syst}
}

@article{langvardtRegulatingOnlineContent2017,
  title = {Regulating {{Online Content Moderation}}},
  author = {Langvardt, Kyle},
  year = {2017},
  volume = {106},
  pages = {1353--1388},
  journal = {Geo. L.J.},
  keywords = {archived}
}

@book{laqueurFutureTerrorismISIS2018,
  title = {The {{Future}} of {{Terrorism}}: {{ISIS}}, {{Al}}-{{Qaeda}}, and the {{Alt}}-{{Right}}},
  shorttitle = {The {{Future}} of {{Terrorism}}},
  author = {Laqueur, Walter and Wall, Christopher},
  year = {2018},
  month = jul,
  publisher = {{St. Martin's Publishing Group}},
  googlebooks = {DjFbDwAAQBAJ},
  isbn = {978-1-250-14251-1},
  keywords = {History / Modern / 21st Century,Political Science / Terrorism,SOCIAL SCIENCE / Sociology / General}
}

@article{latzko-tothUsersCoDesignersSoftwareBased2014,
  title = {Users as {{Co}}-{{Designers}} of {{Software}}-{{Based Media}}: {{The Co}}-{{Construction}} of {{Internet Relay Chat}}},
  shorttitle = {Users as {{Co}}-{{Designers}} of {{Software}}-{{Based Media}}},
  author = {{Latzko-Toth}, Guillaume},
  year = {2014},
  month = nov,
  volume = {39},
  issn = {1499-6642},
  doi = {10.22230/cjc.2014v39n4a2783},
  copyright = {Copyright (c)},
  journal = {Canadian Journal of Communication},
  keywords = {Co-construction,Communication technology,Design process,Digital media,Ordinary user}
}

@article{lawsonLanguageMasculinitiesHistory2020,
  title = {Language and {{Masculinities}}: {{History}}, {{Development}}, and {{Future}}},
  shorttitle = {Language and {{Masculinities}}},
  author = {Lawson, Robert},
  year = {2020},
  volume = {6},
  pages = {409--434},
  publisher = {{Annual Reviews}},
  journal = {Annual Review of Linguistics}
}

@inproceedings{lazarinDistributedParticipatoryDesign2016,
  title = {Distributed {{Participatory Design}} Web-Based Groupware: Gathering Requirements through {{BrainDraw}}},
  shorttitle = {Distributed {{Participatory Design}} Web-Based Groupware},
  booktitle = {Proceedings of the 15th {{Brazilian Symposium}} on {{Human Factors}} in {{Computing Systems}}},
  author = {Lazarin, Carlos Alberto Joia and Almeida, Leonelo Dell Anhol},
  year = {2016},
  month = oct,
  pages = {1--10},
  publisher = {{Association for Computing Machinery}},
  address = {{S\~ao Paulo, Brazil}},
  doi = {10.1145/3033701.3033704},
  isbn = {978-1-4503-5235-2},
  keywords = {Distributed Participatory Design,Groupware,Participatory Design,Participatory workshops},
  series = {{{IHC}} '16}
}

@misc{LeanLibraryEssentials,
  title = {Lean {{Library}}: {{Essentials Tutorial}}},
  howpublished = {https://support.leanlibrary.com/welcome/essentials.html}
}

@article{leekWhatQuestion2015,
  title = {What Is the Question?},
  author = {Leek, Jeffery T. and Peng, Roger D.},
  year = {2015},
  month = mar,
  volume = {347},
  pages = {1314--1315},
  issn = {0036-8075, 1095-9203},
  doi = {10.1126/science.aaa6146},
  copyright = {Copyright \textcopyright{} 2015, American Association for the Advancement of Science},
  journal = {Science},
  pmid = {25721505}
}

@inproceedings{leeSevenMonthsDevils2011,
  title = {Seven {{Months}} with the {{Devils}}: {{A Long}}-{{Term Study}} of {{Content Polluters}} on {{Twitter}}},
  shorttitle = {Seven {{Months}} with the {{Devils}}},
  booktitle = {{{ICWSM}}},
  author = {Lee, Kyumin and Eoff, Brian and Caverlee, James},
  year = {2011}
}

@inproceedings{lehmannDynamicalClassesCollective2012,
  title = {Dynamical Classes of Collective Attention in Twitter},
  booktitle = {Proceedings of the 21st International Conference on {{World Wide Web}}  - {{WWW}} '12},
  author = {Lehmann, Janette and Gon{\c c}alves, Bruno and Ramasco, Jos{\'e} J. and Cattuto, Ciro},
  year = {2012},
  pages = {251--260},
  publisher = {{ACM Press}},
  address = {{Lyon, France}},
  doi = {10.1145/2187836.2187871},
  isbn = {978-1-4503-1229-5},
  keywords = {archived}
}

@article{leskovecEmpiricalComparisonAlgorithms2010,
  title = {Empirical {{Comparison}} of {{Algorithms}} for {{Network Community Detection}}},
  author = {Leskovec, Jure and Lang, Kevin J. and Mahoney, Michael W.},
  year = {2010},
  month = apr,
  archivePrefix = {arXiv},
  eprint = {1004.3539},
  eprinttype = {arxiv},
  journal = {arXiv:1004.3539 [physics]},
  keywords = {Computer Science - Data Structures and Algorithms,H.5.8,Physics - Physics and Society},
  primaryClass = {physics}
}

@incollection{leskovecLearningDiscoverSocial2012,
  title = {Learning to {{Discover Social Circles}} in {{Ego Networks}}},
  booktitle = {Advances in {{Neural Information Processing Systems}} 25},
  author = {Leskovec, Jure and Mcauley, Julian J.},
  editor = {Pereira, F. and Burges, C. J. C. and Bottou, L. and Weinberger, K. Q.},
  year = {2012},
  pages = {539--547},
  publisher = {{Curran Associates, Inc.}}
}

@inproceedings{leskovecStatisticalPropertiesCommunity2008,
  title = {Statistical Properties of Community Structure in Large Social and Information Networks},
  booktitle = {Proceedings of the 17th International Conference on {{World Wide Web}}},
  author = {Leskovec, Jure and Lang, Kevin J. and Dasgupta, Anirban and Mahoney, Michael W.},
  year = {2008},
  month = apr,
  pages = {695--704},
  publisher = {{Association for Computing Machinery}},
  address = {{Beijing, China}},
  doi = {10.1145/1367497.1367591},
  isbn = {978-1-60558-085-2},
  keywords = {community structure,conductance,graph partitioning,random walks,social networks},
  series = {{{WWW}} '08}
}

@article{lev-onNormalizingEqualizingCharacterizing2018,
  title = {Normalizing or Equalizing? {{Characterizing Facebook}} Campaigning},
  shorttitle = {Normalizing or Equalizing?},
  author = {{Lev-On}, Azi and {Haleva-Amir}, Sharon},
  year = {2018},
  month = feb,
  volume = {20},
  pages = {720--739},
  publisher = {{SAGE Publications; http://web.archive.org/web/20200506082512/https://journals.sagepub.com/doi/10.1177/1461444816669160}},
  issn = {1461-4448},
  doi = {10.1177/1461444816669160},
  journal = {New Media \& Society}
}

@article{liGeospatialBigData2016,
  title = {Geospatial Big Data Handling Theory and Methods: {{A}} Review and Research Challenges},
  shorttitle = {Geospatial Big Data Handling Theory and Methods},
  author = {Li, Songnian and Dragicevic, Suzana and Castro, Francesc Ant{\'o}n and Sester, Monika and Winter, Stephan and Coltekin, Arzu and Pettit, Christopher and Jiang, Bin and Haworth, James and Stein, Alfred and Cheng, Tao},
  year = {2016},
  month = may,
  volume = {115},
  pages = {119--133},
  issn = {0924-2716},
  doi = {10.1016/j.isprsjprs.2015.10.012},
  journal = {ISPRS Journal of Photogrammetry and Remote Sensing},
  keywords = {Analytics,Big data,Data handling,Geospatial,Review,Spatial modeling},
  series = {Theme Issue '{{State}}-of-the-Art in Photogrammetry, Remote Sensing and Spatial Information Science'}
}

@article{lihWikipediaParticipatoryJournalism2004,
  title = {Wikipedia as {{Participatory Journalism}}: {{Reliable Sources}}? {{Metrics}} for {{Evaluating Collaborative Media}} as a {{News Source}}},
  shorttitle = {Wikipedia as {{Participatory Journalism}}},
  author = {Lih, A.},
  year = {2004},
  month = jan,
  journal = {Nature}
}

@inproceedings{linLargescaleMachineLearning2012,
  title = {Large-Scale Machine Learning at Twitter},
  booktitle = {Proceedings of the 2012 International Conference on {{Management}} of {{Data}} - {{SIGMOD}} '12},
  author = {Lin, Jimmy and Kolcz, Alek},
  year = {2012},
  pages = {793},
  publisher = {{ACM Press}},
  address = {{Scottsdale, Arizona, USA}},
  doi = {10.1145/2213836.2213958},
  isbn = {978-1-4503-1247-9}
}

@article{linMissingValueImputation2020,
  title = {Missing Value Imputation: A Review and Analysis of the Literature (2006\textendash 2017)},
  shorttitle = {Missing Value Imputation},
  author = {Lin, Wei-Chao and Tsai, Chih-Fong},
  year = {2020},
  month = feb,
  volume = {53},
  pages = {1487--1509},
  issn = {1573-7462},
  doi = {10.1007/s10462-019-09709-4},
  journal = {Artif Intell Rev}
}

@inproceedings{liSlacktivistsActivistsIdentity2018,
  title = {Slacktivists or {{Activists}}?: {{Identity Work}} in the {{Virtual Disability March}}},
  shorttitle = {Slacktivists or {{Activists}}?},
  booktitle = {Proceedings of the 2018 {{CHI Conference}} on {{Human Factors}} in {{Computing Systems}}  - {{CHI}} '18},
  author = {Li, Hanlin and Bora, Disha and Salvi, Sagar and Brady, Erin},
  year = {2018},
  pages = {1--13},
  publisher = {{ACM Press}},
  address = {{Montreal QC, Canada}},
  doi = {10.1145/3173574.3173799},
  isbn = {978-1-4503-5620-6},
  keywords = {to read}
}

@inproceedings{liuComparisonFeatureSelection2020,
  title = {Comparison on {{Feature Selection Methods}} for {{Text Classification}}},
  booktitle = {Proceedings of the 2020 4th {{International Conference}} on {{Management Engineering}}, {{Software Engineering}} and {{Service Sciences}}},
  author = {Liu, Wenkai and Xiao, Jiongen and Hong, Ming},
  year = {2020},
  month = jan,
  pages = {82--86},
  publisher = {{Association for Computing Machinery}},
  address = {{Wuhan, China}},
  doi = {10.1145/3380625.3380677},
  isbn = {978-1-4503-7641-9},
  keywords = {Feature selection,Text classification,Text mining},
  series = {{{ICMSS}} 2020}
}

@inproceedings{liWorkingEmpoweringCommunity2018,
  title = {Working toward {{Empowering}} a {{Community}}: {{How Immigrant}}-{{Focused Nonprofit Organizations Use Twitter}} during {{Political Conflicts}}},
  shorttitle = {Working toward {{Empowering}} a {{Community}}},
  booktitle = {Proceedings of the 2018 {{ACM Conference}} on {{Supporting Groupwork}} - {{GROUP}} '18},
  author = {Li, Hanlin and Dombrowski, Lynn and Brady, Erin},
  year = {2018},
  pages = {335--346},
  publisher = {{ACM Press}},
  address = {{Sanibel Island, Florida, USA}},
  doi = {10.1145/3148330.3148336},
  isbn = {978-1-4503-5562-9},
  keywords = {immigrant,mixed methods,non-profit organization,social media,twitter}
}

@article{LookingGlassStudy,
  title = {Through the {{Looking Glass}}: {{Study}} of {{Transparency}} in {{Reddit}}'s {{Moderation Practices}}: {{Proceedings}} of the {{ACM}} on {{Human}}-{{Computer Interaction}}: {{Vol}} 4, {{No GROUP}}},
  shorttitle = {Through the {{Looking Glass}}},
  journal = {Proceedings of the ACM on Human-Computer Interaction}
}

@article{lopezInsightClassificationImbalanced2013,
  title = {An Insight into Classification with Imbalanced Data: {{Empirical}} Results and Current Trends on Using Data Intrinsic Characteristics},
  shorttitle = {An Insight into Classification with Imbalanced Data},
  author = {L{\'o}pez, Victoria and Fern{\'a}ndez, Alberto and Garc{\'i}a, Salvador and Palade, Vasile and Herrera, Francisco},
  year = {2013},
  month = nov,
  volume = {250},
  pages = {113--141},
  issn = {0020-0255},
  doi = {10.1016/j.ins.2013.07.007},
  journal = {Information Sciences},
  keywords = {Cost-sensitive learning,Dataset shift,Imbalanced dataset,Noisy data,Sampling,Small disjuncts}
}

@article{lorenzo-dusDiscourseUSAltright2020,
  title = {The Discourse of the {{US}} Alt-Right Online \textendash{} a Case Study of the {{{\emph{Traditionalist Worker Party}}}} Blog},
  author = {{Lorenzo-Dus}, Nuria and Nouri, Lella},
  year = {2020},
  month = jan,
  pages = {1--19},
  issn = {1740-5904, 1740-5912},
  doi = {10.1080/17405904.2019.1708763},
  journal = {Critical Discourse Studies},
  keywords = {archived}
}

@inproceedings{lukasikHawkesProcessesContinuous2016,
  title = {Hawkes {{Processes}} for {{Continuous Time Sequence Classification}}: An {{Application}} to {{Rumour Stance Classification}} in {{Twitter}}},
  shorttitle = {Hawkes {{Processes}} for {{Continuous Time Sequence Classification}}},
  booktitle = {Proceedings of the 54th {{Annual Meeting}} of the {{Association}} for {{Computational Linguistics}} ({{Volume}} 2: {{Short Papers}})},
  author = {Lukasik, Michal and Srijith, P. K. and Vu, Duy and Bontcheva, Kalina and Zubiaga, Arkaitz and Cohn, Trevor},
  year = {2016},
  pages = {393--398},
  publisher = {{Association for Computational Linguistics}},
  address = {{Berlin, Germany}},
  doi = {10.18653/v1/P16-2064},
  keywords = {archived}
}

@article{lukitoUsingTimeSeries,
  title = {Using Time Series and Natural Language Processing to Identify Viral Moments in the 2016 {{U}}.{{S}}. {{Presidential Debate}}},
  author = {Lukito, Josephine and Sarma, Prathusha K and Foley, Jordan and Abhishek, Aman},
  pages = {11}
}

@article{lukyanenkoParticipatoryDesignUsergenerated2016,
  title = {Participatory {{Design}} for {{User}}-Generated {{Content}}: {{Understanding}} the Challenges and Moving Forward},
  author = {Lukyanenko, Roman and Parsons, Jeffrey and Wiersma, Yolanda and Sieber, Renee and Maddah, Mahed},
  year = {2016},
  volume = {28},
  pages = {35}
}

@inproceedings{luoMultiTaskMultiDimensionalHawkes2015,
  title = {Multi-{{Task Multi}}-{{Dimensional Hawkes Processes}} for {{Modeling Event Sequences}}},
  booktitle = {Twenty-{{Fourth International Joint Conference}} on {{Artificial Intelligence}}},
  author = {Luo, Dixin and Xu, Hongteng and Zhen, Yi and Ning, Xia and Zha, Hongyuan and Yang, Xiaokang and Zhang, Wenjun},
  year = {2015},
  pages = {7}
}

@book{lyonsInsurgentSupremacistsFar2018,
  title = {Insurgent {{Supremacists}}: {{The U}}.{{S}}. {{Far Right}}'s {{Challenge}} to {{State}} and {{Empire}}},
  shorttitle = {Insurgent {{Supremacists}}},
  author = {Lyons, Matthew N.},
  year = {2018},
  month = jun,
  publisher = {{PM Press}},
  address = {{Oakland, California}},
  isbn = {978-1-62963-511-8}
}

@book{macdonaldTurbulentTimesTransformational2020,
  title = {Turbulent {{Times}}, {{Transformational Possibilities}}?: {{Gender}} and {{Politics Today}} and {{Tomorrow}}},
  shorttitle = {Turbulent {{Times}}, {{Transformational Possibilities}}?},
  author = {MacDonald, Fiona and Dobrowolsky, Alexandra},
  year = {2020},
  month = may,
  publisher = {{University of Toronto Press}},
  googlebooks = {P8bhDwAAQBAJ},
  isbn = {978-1-4875-8832-8},
  keywords = {Political Science / Women in Politics,Political Science / World / Canadian}
}

@inproceedings{maheshwariSocioEthnicIngredientsSocial2017,
  title = {Socio-{{Ethnic Ingredients}} of {{Social Network Communities}}},
  booktitle = {Companion of the 2017 {{ACM Conference}} on {{Computer Supported Cooperative Work}} and {{Social Computing}}},
  author = {Maheshwari, Tushar and Reganti, Aishwarya N. and Chakraborty, Tanmoy and Das, Amitava},
  year = {2017},
  month = feb,
  pages = {235--238},
  publisher = {{Association for Computing Machinery}},
  address = {{Portland, Oregon, USA}},
  doi = {10.1145/3022198.3026322},
  isbn = {978-1-4503-4688-7},
  keywords = {personality,social community,twitter,values},
  series = {{{CSCW}} '17 {{Companion}}}
}

@inproceedings{maheshwaryMatchingResumesJobs2018,
  title = {Matching {{Resumes}} to {{Jobs}} via {{Deep Siamese Network}}},
  booktitle = {Companion of the {{The Web Conference}} 2018 on {{The Web Conference}} 2018 - {{WWW}} '18},
  author = {Maheshwary, Saket and Misra, Hemant},
  year = {2018},
  pages = {87--88},
  publisher = {{ACM Press}},
  address = {{Lyon, France}},
  doi = {10.1145/3184558.3186942},
  isbn = {978-1-4503-5640-4},
  keywords = {archived}
}

@article{maierApplyingLDATopic2018,
  title = {Applying {{LDA}} Topic Modeling in Communication Research: {{Toward}} a Valid and Reliable Methodology},
  shorttitle = {Applying {{LDA}} Topic Modeling in Communication Research},
  author = {Maier, Daniel and Waldherr, Annie and Miltner, Peter and Wiedemann, Gregor and Niekler, Andreas and Keinert, Alexa and Pfetsch, Barbara and Heyer, Gerhard and Reber, Ueli and H{\"a}ussler, Thomas},
  year = {2018},
  volume = {12},
  pages = {93--118},
  publisher = {{Taylor \& Francis}},
  journal = {Communication Methods and Measures}
}

@book{mainRiseAltRight2018,
  title = {The {{Rise}} of the {{Alt}}-{{Right}}},
  author = {Main, Thomas J.},
  year = {2018},
  publisher = {{Brookings Institution Press}},
  isbn = {978-0-8157-3288-4}
}

@article{malangIdentifyingInfluentialNodes2020,
  title = {Identifying Influential Nodes of Global Terrorism Network: {{A}} Comparison for Skeleton Network Extraction},
  shorttitle = {Identifying Influential Nodes of Global Terrorism Network},
  author = {Malang, Kanokwan and Wang, Shuliang and Phaphuangwittayakul, Aniwat and Lv, Yuanyuan and Yuan, Hanning and Zhang, Xiuzhen},
  year = {2020},
  month = may,
  volume = {545},
  pages = {123769},
  issn = {0378-4371},
  doi = {10.1016/j.physa.2019.123769},
  journal = {Physica A: Statistical Mechanics and its Applications},
  keywords = {Backbone network,Complex network,Global terrorism,Influential nodes,Network extraction,Node evaluation}
}

@article{maPredictingPopularityNewly2013,
  title = {On Predicting the Popularity of Newly Emerging Hashtags in {{Twitter}}},
  author = {Ma, Zongyang and Sun, Aixin and Cong, Gao},
  year = {2013},
  volume = {64},
  pages = {1399--1410},
  issn = {1532-2890},
  doi = {10.1002/asi.22844},
  copyright = {\textcopyright{} 2013 ASIS\&T},
  journal = {Journal of the American Society for Information Science and Technology},
  keywords = {automatic classification,content filtering,text mining}
}

@book{marantzAntisocialOnlineExtremists2019,
  title = {Antisocial: {{Online Extremists}}, {{Techno}}-{{Utopians}}, and the {{Hijacking}} of the {{American Conversation}}},
  shorttitle = {Antisocial},
  author = {Marantz, Andrew},
  year = {2019},
  month = oct,
  publisher = {{Penguin}},
  googlebooks = {pPm0DwAAQBAJ},
  isbn = {978-0-525-52226-3},
  keywords = {Political Science / Political Ideologies / Nationalism \& Patriotism}
}

@book{marresMaterialParticipationTechnology2016,
  title = {Material Participation: {{Technology}}, the Environment and Everyday Publics},
  author = {Marres, Noortje},
  year = {2016},
  publisher = {{Springer}},
  isbn = {1-137-48074-2}
}

@article{marstonSocialConstructionScale2000,
  title = {The Social Construction of Scale},
  author = {Marston, Sallie A.},
  year = {2000},
  month = jun,
  volume = {24},
  pages = {219--242},
  publisher = {{SAGE Publications Ltd}},
  issn = {0309-1325},
  doi = {10.1191/030913200674086272},
  journal = {Progress in Human Geography}
}

@article{massanariRethinkingResearchEthics2018,
  title = {Rethinking {{Research Ethics}}, {{Power}}, and the {{Risk}} of {{Visibility}} in the {{Era}} of the ``{{Alt}}-{{Right}}'' {{Gaze}}},
  author = {Massanari, Adrienne L.},
  year = {2018},
  month = apr,
  volume = {4},
  pages = {2056305118768302},
  publisher = {{SAGE Publications Ltd; http://web.archive.org/web/20200601034004/https://journals.sagepub.com/doi/10.1177/2056305118768302}},
  issn = {2056-3051},
  doi = {10.1177/2056305118768302},
  journal = {Social Media + Society}
}

@article{matiasCivicLaborVolunteer2019,
  title = {The Civic Labor of Volunteer Moderators Online},
  author = {Matias, J. Nathan},
  year = {2019},
  volume = {5},
  pages = {2056305119836778},
  publisher = {{SAGE Publications Sage UK: London, England}},
  journal = {Social Media+ Society}
}

@inproceedings{matiasCivilServantCommunityLedExperiments2018,
  title = {{{CivilServant}}: {{Community}}-{{Led Experiments}} in {{Platform Governance}}},
  shorttitle = {{{CivilServant}}},
  booktitle = {Proceedings of the 2018 {{CHI Conference}} on {{Human Factors}} in {{Computing Systems}}  - {{CHI}} '18},
  author = {Matias, J. Nathan and Mou, Merry},
  year = {2018},
  pages = {1--13},
  publisher = {{ACM Press}},
  address = {{Montreal QC, Canada}},
  doi = {10.1145/3173574.3173583},
  isbn = {978-1-4503-5620-6}
}

@inproceedings{matiasGoingDarkSocial2016,
  title = {Going {{Dark}}: {{Social Factors}} in {{Collective Action Against Platform Operators}} in the {{Reddit Blackout}}},
  shorttitle = {Going {{Dark}}},
  booktitle = {Proceedings of the 2016 {{CHI Conference}} on {{Human Factors}} in {{Computing Systems}}},
  author = {Matias, J. Nathan},
  year = {2016},
  month = may,
  pages = {1138--1151},
  publisher = {{Association for Computing Machinery}},
  address = {{San Jose, California, USA}},
  doi = {10.1145/2858036.2858391},
  isbn = {978-1-4503-3362-7},
  keywords = {blackout,collective action,online platforms,participatory hypothesis testing,reddit,sabotage,social factors},
  series = {{{CHI}} '16}
}

@article{mccauleyMechanismsPoliticalRadicalization2008,
  title = {Mechanisms of Political Radicalization: {{Pathways}} toward Terrorism},
  author = {McCauley, Clark and Moskalenko, Sophia},
  year = {2008},
  volume = {20},
  pages = {415--433},
  publisher = {{Taylor \& Francis}},
  issn = {0954-6553},
  journal = {Terrorism and political violence}
}

@article{mccombsNewDirectionsAgendaSetting2014,
  title = {New {{Directions}} in {{Agenda}}-{{Setting Theory}} and {{Research}}},
  author = {McCombs, Maxwell E. and Shaw, Donald L. and Weaver, David H.},
  year = {2014},
  month = nov,
  volume = {17},
  pages = {781--802},
  publisher = {{Routledge}},
  issn = {1520-5436},
  doi = {10.1080/15205436.2014.964871},
  journal = {Mass Communication and Society}
}

@article{mcdermottExplainingSelfHarmYouth2015,
  title = {Explaining {{Self}}-{{Harm}}: {{Youth Cybertalk}} and {{Marginalized Sexualities}} and {{Genders}}},
  shorttitle = {Explaining {{Self}}-{{Harm}}},
  author = {McDermott, Elizabeth and Roen, Katrina and Piela, Anna},
  year = {2015},
  month = nov,
  volume = {47},
  pages = {873--889},
  publisher = {{SAGE Publications Inc; http://web.archive.org/web/20200501001319/https://journals.sagepub.com/doi/10.1177/0044118X13489142}},
  issn = {0044-118X},
  doi = {10.1177/0044118X13489142},
  journal = {Youth \& Society}
}

@misc{mcsherryContentModerationBroken2019,
  title = {Content {{Moderation}} Is {{Broken}}. {{Let Us Count}} the {{Ways}}.},
  author = {McSherry, Jillian C. York {and} Corynne},
  year = {2019},
  month = apr,
  howpublished = {https://www.eff.org/deeplinks/2019/04/content-moderation-broken-let-us-count-ways},
  journal = {Electronic Frontier Foundation}
}

@misc{merelliStateGlobalRightwing,
  title = {The State of Global Right-Wing Populism in 2019},
  author = {Merelli, Annalisa},
  howpublished = {https://qz.com/1774201/the-global-state-of-right-wing-populism-in-2019/},
  journal = {Quartz}
}

@misc{MetricsGraphComparison,
  title = {Metrics for Graph Comparison: {{A}} Practitioner's Guide},
  howpublished = {https://doi.org/10.1371/journal.pone.0228728}
}

@article{millingtonConstructingContestingOlympics2014,
  title = {Constructing and Contesting the {{Olympics}} Online: {{The}} Internet, {{Rio}} 2016 and the Politics of {{Brazilian}} Development},
  shorttitle = {Constructing and Contesting the {{Olympics}} Online},
  author = {Millington, Rob and Darnell, Simon C},
  year = {2014},
  month = apr,
  volume = {49},
  pages = {190--210},
  publisher = {{SAGE Publications Ltd; http://web.archive.org/web/20200506082841/https://journals.sagepub.com/doi/10.1177/1012690212455374}},
  issn = {1012-6902},
  doi = {10.1177/1012690212455374},
  journal = {International Review for the Sociology of Sport}
}

@article{miratrixSummarizingLargescaleMultipledocument,
  title = {Summarizing Large-Scale, Multiple-Document News Data: Sparse Methods and Human Validation},
  author = {Miratrix, Luke and Jia, Jinzhu and Gawalt, Brian and Yu, Bin and Ghaoui, Laurent El},
  pages = {30}
}

@article{mitraCredibilityDynamicsCollective2017,
  title = {Credibility and the {{Dynamics}} of {{Collective Attention}}},
  author = {Mitra, Tanushree and Wright, Graham and Gilbert, Eric},
  year = {2017},
  month = dec,
  volume = {1},
  pages = {1--17},
  issn = {2573-0142, 2573-0142},
  doi = {10.1145/3134715},
  journal = {Proc. ACM Hum.-Comput. Interact.},
  keywords = {archived}
}

@article{mondonWhitenessPopulismRacialisation2019,
  title = {Whiteness, Populism and the Racialisation of the Working Class in the {{United Kingdom}} and the {{United States}}},
  author = {Mondon, Aurelien and Winter, Aaron},
  year = {2019},
  month = sep,
  volume = {26},
  pages = {510--528},
  publisher = {{Routledge}},
  issn = {1070-289X},
  doi = {10.1080/1070289X.2018.1552440},
  journal = {Identities},
  keywords = {Brexit,populism,Racism,Trump,whiteness,working class}
}

@article{monroeFightinWordsLexical2008,
  title = {Fightin' {{Words}}: {{Lexical Feature Selection}} and {{Evaluation}} for {{Identifying}} the {{Content}} of {{Political Conflict}}},
  shorttitle = {Fightin' {{Words}}},
  author = {Monroe, Burt L. and Colaresi, Michael P. and Quinn, Kevin M.},
  year = {2008},
  volume = {16},
  pages = {372--403},
  publisher = {{Cambridge University Press; http://web.archive.org/web/20200518111231/https://www.cambridge.org/core/journals/political-analysis/article/fightin-words-lexical-feature-selection-and-evaluation-for-identifying-the-content-of-political-conflict/81B3703230D21620B81EB6E2266C7A66}},
  issn = {1047-1987, 1476-4989},
  doi = {10.1093/pan/mpn018},
  journal = {Political Analysis}
}

@book{morleyStuartHallCritical2011,
  title = {Stuart {{Hall}}: : Critical Dialogues in Cultural Studies},
  shorttitle = {Stuart {{Hall}}},
  author = {Morley, David and Chen, Kuan-Hsing},
  year = {2011},
  isbn = {978-0-203-99326-2}
}

@inproceedings{morstatterAltRightAltRechtsTwitter2018,
  title = {From {{Alt}}-{{Right}} to {{Alt}}-{{Rechts}}: {{Twitter Analysis}} of the 2017 {{German Federal Election}}},
  shorttitle = {From {{Alt}}-{{Right}} to {{Alt}}-{{Rechts}}},
  booktitle = {Companion {{Proceedings}} of the {{The Web Conference}} 2018},
  author = {Morstatter, Fred and Shao, Yunqiu and Galstyan, Aram and Karunasekera, Shanika},
  year = {2018},
  month = apr,
  pages = {621--628},
  publisher = {{International World Wide Web Conferences Steering Committee}},
  address = {{Lyon, France}},
  doi = {10.1145/3184558.3188733},
  isbn = {978-1-4503-5640-4},
  keywords = {alt-right,bots,online campaigns,social networks,www},
  series = {{{WWW}} '18}
}

@article{morstatterIdentifyingFramingBias2018,
  title = {Identifying Framing Bias in Online News},
  author = {Morstatter, Fred and Wu, Liang and Yavanoglu, Uraz and Corman, Stephen R. and Liu, Huan},
  year = {2018},
  volume = {1},
  pages = {1--18},
  publisher = {{ACM New York, NY, USA}},
  journal = {ACM Transactions on Social Computing}
}

@inproceedings{morstatterWhenItBiased2014,
  title = {When Is It Biased? Assessing the Representativeness of Twitter's Streaming {{API}}},
  shorttitle = {When Is It Biased?},
  booktitle = {Proceedings of the 23rd {{International Conference}} on {{World Wide Web}}},
  author = {Morstatter, Fred and Pfeffer, J{\"u}rgen and Liu, Huan},
  year = {2014},
  month = apr,
  pages = {555--556},
  publisher = {{Association for Computing Machinery}},
  address = {{Seoul, Korea}},
  doi = {10.1145/2567948.2576952},
  isbn = {978-1-4503-2745-9},
  keywords = {big data,data sampling,sampling bias,twitter analysis},
  series = {{{WWW}} '14 {{Companion}}}
}

@article{muellerEngagingCrowdLessons2020,
  title = {Engaging the {{Crowd}}: {{Lessons}} for {{Outreach}} and {{Tool Design From}} a {{Creative Online Participatory Study}}},
  shorttitle = {Engaging the {{Crowd}}},
  author = {Mueller, Johannes and Asada, Shiho and Tomarchio, Ludovica},
  year = {2020},
  month = apr,
  volume = {9},
  pages = {66--79},
  issn = {2160-9918, 2160-9926},
  doi = {10.4018/IJEPR.2020040101.oa},
  journal = {International Journal of E-Planning Research}
}

@article{mutzStatusThreatNot2018,
  title = {Status Threat, Not Economic Hardship, Explains the 2016 Presidential Vote},
  author = {Mutz, Diana C.},
  year = {2018},
  month = may,
  volume = {115},
  pages = {E4330-E4339},
  issn = {0027-8424, 1091-6490},
  doi = {10.1073/pnas.1718155115},
  journal = {Proc Natl Acad Sci USA},
  keywords = {archived}
}

@article{naderiClassifyingFramesSentence2017,
  title = {Classifying Frames at the Sentence Level in News Articles},
  author = {Naderi, Nona and Hirst, Graeme},
  year = {2017},
  volume = {9},
  pages = {4--233},
  journal = {Policy}
}

@book{nagleKillAllNormies2017,
  title = {Kill {{All Normies}}: {{Online Culture Wars From 4Chan And Tumblr To Trump And The Alt}}-{{Right}}},
  shorttitle = {Kill {{All Normies}}},
  author = {Nagle, Angela},
  year = {2017},
  month = jun,
  publisher = {{John Hunt Publishing}},
  isbn = {978-1-78535-544-8},
  keywords = {Computers / Web / Social Media,Social Science / Anthropology / Cultural \& Social,Social Science / Popular Culture}
}

@article{naslundFutureMentalHealth2016,
  title = {The Future of Mental Health Care: Peer-to-Peer Support and Social Media},
  shorttitle = {The Future of Mental Health Care},
  author = {Naslund, J. A. and Aschbrenner, K. A. and Marsch, L. A. and Bartels, S. J.},
  year = {2016},
  month = apr,
  volume = {25},
  pages = {113--122},
  publisher = {{Cambridge University Press}},
  issn = {2045-7960, 2045-7979},
  doi = {10.1017/S2045796015001067},
  journal = {Epidemiology and Psychiatric Sciences},
  keywords = {Internet,mental health,mental illness stigma,peer support,social network}
}

@inproceedings{nasserConvolutionalNeuralNetwork2018,
  title = {Convolutional {{Neural Network}} with {{Word Embedding Based Approach}} for {{Resume Classification}}},
  booktitle = {2018 {{International Conference}} on {{Emerging Trends}} and {{Innovations In Engineering And Technological Research}} ({{ICETIETR}})},
  author = {Nasser, Shabna and Sreejith, C and Irshad, M},
  year = {2018},
  month = jul,
  pages = {1--6},
  doi = {10.1109/ICETIETR.2018.8529097},
  keywords = {Classification algorithms,CNN,convolution,convolutional neural network,Convolutional neural networks,Deep Learning,document classification,Feature extraction,feedforward neural nets,Glove,Glove-Word Embedding,Neural Network,pattern classification,recruitment,resume category,resume classification,Resumes,Task analysis,Text categorization,Training,Word Embedding,word embedding model,word processing}
}

@article{nealNormalizationLegislativeExceptionalism2012,
  title = {Normalization and {{Legislative Exceptionalism}}: {{Counterterrorist Lawmaking}} and the {{Changing Times}} of {{Security Emergencies}}},
  shorttitle = {Normalization and {{Legislative Exceptionalism}}},
  author = {Neal, Andrew W.},
  year = {2012},
  month = sep,
  volume = {6},
  pages = {260--276},
  publisher = {{Oxford Academic; http://web.archive.org/web/20200506082937/https://academic.oup.com/ips/article-abstract/6/3/260/1841198?redirectedFrom=fulltext}},
  issn = {1749-5679},
  doi = {10.1111/j.1749-5687.2012.00163.x},
  journal = {Int Polit Sociol}
}

@inproceedings{niculescu-mizilPredictingGoodProbabilities2005,
  title = {Predicting Good Probabilities with Supervised Learning},
  booktitle = {Proceedings of the 22nd International Conference on {{Machine}} Learning  - {{ICML}} '05},
  author = {{Niculescu-Mizil}, Alexandru and Caruana, Rich},
  year = {2005},
  pages = {625--632},
  publisher = {{ACM Press}},
  address = {{Bonn, Germany}},
  doi = {10.1145/1102351.1102430},
  isbn = {978-1-59593-180-1},
  keywords = {probability classification,supervised learning}
}

@inproceedings{niwattanakulUsingJaccardCoefficient2013,
  title = {Using of {{Jaccard}} Coefficient for Keywords Similarity},
  booktitle = {Proceedings of the International Multiconference of Engineers and Computer Scientists},
  author = {Niwattanakul, Suphakit and Singthongchai, Jatsada and Naenudorn, Ekkachai and Wanapu, Supachanun},
  year = {2013},
  volume = {1},
  pages = {380--384}
}

@article{nonyAnxietySocietyPreemption2017,
  title = {Anxiety in the {{Society}} of {{Preemption}}: {{On Simondon}} and the {{Noopolitics}} of the {{Milieu}}},
  author = {Nony, Ana{\"i}s},
  year = {2017},
  pages = {9}
}

@misc{november14AdviceAspiringData,
  title = {Advice to Aspiring Data Scientists: Start a Blog},
  shorttitle = {Advice to Aspiring Data Scientists},
  author = {to aspiring data scientists: start a blog was published on November 14, Advice and {2017.}},
  howpublished = {http://varianceexplained.org/r/start-blog/},
  journal = {Variance Explained}
}

@inproceedings{novTechnologymediatedCitizenScience2011,
  title = {Technology-Mediated Citizen Science Participation: {{A}} Motivational Model},
  shorttitle = {Technology-Mediated Citizen Science Participation},
  booktitle = {Fifth {{International AAAI Conference}} on {{Weblogs}} and {{Social Media}}},
  author = {Nov, Oded and Arazy, Ofer and Anderson, David},
  year = {2011}
}

@misc{nwDemographicsSocialMedia,
  title = {Demographics of {{Social Media Users}} and {{Adoption}} in the {{United States}}},
  author = {NW, 1615 L. St and Suite 800Washington and Inquiries, DC 20036USA202-419-4300 | Main202-857-8562 | Fax202-419-4372 | Media},
  chapter = {Fact Sheets; http://web.archive.org/web/20200423021348/https://www.pewresearch.org/internet/fact-sheet/social-media/},
  journal = {Pew Research Center: Internet, Science \& Tech},
  keywords = {archived}
}

@misc{nwShareAdultsUsing,
  title = {Share of {{U}}.{{S}}. Adults Using Social Media, Including {{Facebook}}, Is Mostly Unchanged since 2018},
  author = {NW, 1615 L. St and Suite 800Washington and Inquiries, DC 20036USA202-419-4300 | Main202-857-8562 | Fax202-419-4372 | Media},
  journal = {Pew Research Center},
  keywords = {archived}
}

@article{oconnorStatisticalTextAnalysis2014,
  title = {Statistical {{Text Analysis}} for {{Social Science}}},
  author = {O'Connor, Brendan T},
  year = {2014}
}

@article{ogataSpaceTimePointProcessModels1998,
  title = {Space-{{Time Point}}-{{Process Models}} for {{Earthquake Occurrences}}},
  author = {Ogata, Yosihiko},
  year = {1998},
  month = jun,
  volume = {50},
  pages = {379--402},
  issn = {1572-9052},
  doi = {10.1023/A:1003403601725},
  journal = {Annals of the Institute of Statistical Mathematics}
}

@misc{ognyanovaStaticDynamicNetwork2017,
  title = {Static and Dynamic Network Visualization with {{R}}},
  author = {Ognyanova, Katya},
  year = {2017},
  month = jun,
  chapter = {Featured; http://web.archive.org/web/20200517063038/https://kateto.net/network-visualization; http://web.archive.org/web/20200517063045/https://kateto.net/network-visualization},
  journal = {Katya Ognyanova}
}

@misc{OnlineExtremistCommunity,
  title = {Online {{Extremist Community Detection}} | {{CASOS}}},
  howpublished = {http://www.casos.cs.cmu.edu/projects/projects/extremist\_community\_detection.php}
}

@book{oriordanQueerOnlineMedia2007,
  title = {Queer {{Online}}: {{Media Technology}} and {{Sexuality}}},
  shorttitle = {Queer {{Online}}},
  author = {O'Riordan, Kate and Phillips, David},
  year = {2007},
  month = jan,
  isbn = {978-0-8204-8626-0}
}

@inproceedings{pandeEyeTrackingSTEMEducation2014,
  title = {Eye-{{Tracking}} in {{STEM Education Research}}: {{Limitations}}, {{Experiences}} and {{Possible Extensions}}},
  shorttitle = {Eye-{{Tracking}} in {{STEM Education Research}}},
  booktitle = {2014 {{IEEE Sixth International Conference}} on {{Technology}} for {{Education}}},
  author = {Pande, Prajakt and Chandrasekharan, Sanjay},
  year = {2014},
  month = dec,
  pages = {116--119},
  doi = {10.1109/T4E.2014.29},
  keywords = {Calibration,Cameras,cognition,computer aided instruction,Computers,Education,eye-tracking,eye-tracking technology,eyemovements,gaze patterns,Glass,learning process,manipulation,research problems,science; technology; engineering and mathematics education research,Standards,STEM education,STEM Education Research,Tracking}
}

@inproceedings{parraescartinEthicalConsiderationsNLP2017,
  title = {Ethical {{Considerations}} in {{NLP Shared Tasks}}},
  booktitle = {Proceedings of the {{First ACL Workshop}} on {{Ethics}} in {{Natural Language Processing}}},
  author = {Parra Escart{\'i}n, Carla and Reijers, Wessel and Lynn, Teresa and Moorkens, Joss and Way, Andy and Liu, Chao-Hong},
  year = {2017},
  pages = {66--73},
  publisher = {{Association for Computational Linguistics}},
  address = {{Valencia, Spain}},
  doi = {10.18653/v1/W17-1608},
  keywords = {archived}
}

@inproceedings{pattonContextualAnalysisSocial2020,
  title = {Contextual {{Analysis}} of {{Social Media}}: {{The Promise}} and {{Challenge}} of {{Eliciting Context}} in {{Social Media Posts}} with {{Natural Language Processing}}},
  shorttitle = {Contextual {{Analysis}} of {{Social Media}}},
  booktitle = {Proceedings of the {{AAAI}}/{{ACM Conference}} on {{AI}}, {{Ethics}}, and {{Society}}},
  author = {Patton, Desmond U. and Frey, William R. and McGregor, Kyle A. and Lee, Fei-Tzin and McKeown, Kathleen and Moss, Emanuel},
  year = {2020},
  month = feb,
  pages = {337--342},
  publisher = {{ACM}},
  address = {{New York NY USA}},
  doi = {10.1145/3375627.3375841},
  isbn = {978-1-4503-7110-0},
  keywords = {Context,NLP,Social Media}
}

@misc{PDFTwentyYears,
  title = {({{PDF}}) {{Twenty}} Years of `Cyberqueer': The Enduring Significance of the {{Internet}} for Young {{LGBTIQ}}+ People},
  shorttitle = {({{PDF}}) {{Twenty}} Years of `Cyberqueer'},
  doi = {http://dx.doi.org/10.4324/9781351214742-15},
  journal = {ResearchGate}
}

@inproceedings{pereiraEmpoweringLesbianGay2018,
  title = {Empowering {{Lesbian}}, {{Gay}}, {{Bisexual}}, and {{Transgender}} ({{LGBT}}) {{People}} with {{Codesign}}: {{A Critical Evaluation Through}} the {{Lens}} of {{Simplicity}}},
  shorttitle = {Empowering {{Lesbian}}, {{Gay}}, {{Bisexual}}, and {{Transgender}} ({{LGBT}}) {{People}} with {{Codesign}}},
  booktitle = {Design, {{User Experience}}, and {{Usability}}: {{Theory}} and {{Practice}}},
  author = {Pereira, Guilherme C. and Baranauskas, M. Cecilia C.},
  editor = {Marcus, Aaron and Wang, Wentao},
  year = {2018},
  pages = {153--164},
  publisher = {{Springer International Publishing}},
  address = {{Cham}},
  doi = {10.1007/978-3-319-91797-9_12},
  isbn = {978-3-319-91797-9},
  keywords = {Critical theory,LGBT,Simplicity in design},
  series = {Lecture {{Notes}} in {{Computer Science}}}
}

@article{pfefferTamperingTwitterSample2018,
  title = {Tampering with {{Twitter}}'s {{Sample API}}},
  author = {Pfeffer, J{\"u}rgen and Mayer, Katja and Morstatter, Fred},
  year = {2018},
  month = dec,
  volume = {7},
  pages = {50},
  publisher = {{Springer Berlin Heidelberg; http://web.archive.org/web/20200516081245/https://epjds.epj.org/articles/epjdata/abs/2018/01/13688\_2018\_Article\_178/13688\_2018\_Article\_178.html}},
  issn = {2193-1127},
  doi = {10.1140/epjds/s13688-018-0178-0},
  copyright = {\textcopyright{} The Author(s), 2018},
  journal = {EPJ Data Sci.}
}

@misc{PhilipGuoEarlyStage,
  title = {Philip {{Guo}} - {{Early}}-{{Stage Grad Student Depression}}},
  howpublished = {http://www.pgbovine.net/grad-student-depression.htm},
  keywords = {archived}
}

@article{philipsonConcernsRaisedInstagram2013,
  title = {Concerns Raised over {{Instagram}} after App Allows Users to See Photos Promoting Anorexia},
  author = {Philipson, Alice},
  year = {2013},
  month = jan,
  issn = {0307-1235},
  chapter = {Technology},
  keywords = {Social Media,Technology}
}

@article{pirroBallotsBarricadesEnhanced2019,
  title = {Ballots and Barricades Enhanced: Far-Right `Movement Parties' and Movement-Electoral Interactions},
  shorttitle = {Ballots and Barricades Enhanced},
  author = {Pirro, Andrea L. P.},
  year = {2019},
  volume = {25},
  pages = {782--802},
  issn = {1469-8129},
  doi = {10.1111/nana.12483},
  copyright = {\textcopyright{} The author(s) 2019. Nations and Nationalism \textcopyright{} ASEN/John Wiley \& Sons Ltd 2019},
  journal = {Nations and Nationalism},
  keywords = {elections,far right,Jobbik,movement parties,social movements}
}

@misc{PointProcessOverview,
  title = {Point {{Process}} - an Overview | {{ScienceDirect Topics}}},
  howpublished = {https://www.sciencedirect.com/topics/mathematics/point-process}
}

@misc{politicsNewPollAmericans,
  title = {New {{Poll}}: {{Some Americans Express Troubling Racial Attitudes Even}} as {{Majority Oppose White Supremacists}} \textendash{} {{Sabato}}'s {{Crystal Ball}}},
  shorttitle = {New {{Poll}}},
  author = {for Politics, UVA Center}
}

@article{preotiuc-pietroTemporalModelText,
  title = {A Temporal Model of Text Periodicities Using {{Gaussian Processes}}},
  author = {{Preotiuc-Pietro}, Daniel and Cohn, Trevor},
  pages = {12}
}

@inproceedings{qiuDeepInfSocialInfluence2018,
  title = {{{DeepInf}}: {{Social Influence Prediction}} with {{Deep Learning}}},
  shorttitle = {{{DeepInf}}},
  booktitle = {Proceedings of the 24th {{ACM SIGKDD International Conference}} on {{Knowledge Discovery}} \& {{Data Mining}}},
  author = {Qiu, Jiezhong and Tang, Jian and Ma, Hao and Dong, Yuxiao and Wang, Kuansan and Tang, Jie},
  year = {2018},
  month = jul,
  pages = {2110--2119},
  publisher = {{Association for Computing Machinery}},
  address = {{London, United Kingdom}},
  doi = {10.1145/3219819.3220077},
  isbn = {978-1-4503-5552-0},
  keywords = {graph attention,graph convolution,network embedding,representation learning,social influence,social networks},
  series = {{{KDD}} '18}
}

@article{radicchiDefiningIdentifyingCommunities2004,
  title = {Defining and Identifying Communities in Networks},
  author = {Radicchi, Filippo and Castellano, Claudio and Cecconi, Federico and Loreto, Vittorio and Parisi, Domenico},
  year = {2004},
  month = mar,
  volume = {101},
  pages = {2658--2663},
  issn = {0027-8424, 1091-6490},
  doi = {10.1073/pnas.0400054101},
  archivePrefix = {arXiv},
  eprint = {cond-mat/0309488},
  eprinttype = {arxiv},
  journal = {Proceedings of the National Academy of Sciences},
  keywords = {Condensed Matter - Disordered Systems and Neural Networks,Condensed Matter - Statistical Mechanics,Quantitative Biology - Quantitative Methods}
}

@article{reinhartReviewSelfExcitingSpatioTemporal2018,
  title = {A {{Review}} of {{Self}}-{{Exciting Spatio}}-{{Temporal Point Processes}} and {{Their Applications}}},
  author = {Reinhart, Alex},
  year = {2018},
  month = aug,
  volume = {33},
  pages = {299--318},
  issn = {0883-4237},
  doi = {10.1214/17-STS629},
  archivePrefix = {arXiv},
  eprint = {1708.02647},
  eprinttype = {arxiv},
  journal = {Statist. Sci.},
  keywords = {Statistics - Methodology}
}

@inproceedings{reyesSocialMediaPlatform2012,
  title = {Social Media as a Platform for Participatory Design},
  booktitle = {Proceedings of the 12th {{Participatory Design Conference}}: {{Exploratory Papers}}, {{Workshop Descriptions}}, {{Industry Cases}} - {{Volume}} 2},
  author = {Reyes, Lill Francis Miranda and Finken, Sisse},
  year = {2012},
  month = aug,
  pages = {89--92},
  publisher = {{Association for Computing Machinery}},
  address = {{Roskilde, Denmark}},
  doi = {10.1145/2348144.2348173},
  isbn = {978-1-4503-1296-7},
  keywords = {distributed and heterogeneous users,facebook,future workshop,heritage photos,social media},
  series = {{{PDC}} '12}
}

@article{ribeiroAuditingRadicalizationPathways2019,
  title = {Auditing {{Radicalization Pathways}} on {{YouTube}}},
  author = {Ribeiro, Manoel Horta and Ottoni, Raphael and West, Robert and Almeida, Virg{\'i}lio A. F. and Meira, Wagner},
  year = {2019},
  month = dec,
  archivePrefix = {arXiv},
  eprint = {1908.08313},
  eprinttype = {arxiv},
  journal = {arXiv:1908.08313 [cs]},
  keywords = {Computer Science - Computers and Society,Computer Science - Social and Information Networks},
  primaryClass = {cs}
}

@book{riffeAnalyzingMediaMessages2019,
  title = {Analyzing {{Media Messages}}: {{Using Quantitative Content Analysis}} in {{Research}}},
  shorttitle = {Analyzing {{Media Messages}}},
  author = {Riffe, Daniel and Lacy, Stephen and Fico, Frederick and Watson, Brendan},
  year = {2019},
  month = mar,
  publisher = {{Routledge}},
  googlebooks = {7CyNDwAAQBAJ},
  isbn = {978-0-429-87516-8},
  keywords = {Language Arts \& Disciplines / Communication Studies,Psychology / Social Psychology,Social Science / Methodology}
}

@article{rizoiuTutorialHawkesProcesses2017,
  title = {A {{Tutorial}} on {{Hawkes Processes}} for {{Events}} in {{Social Media}}},
  author = {Rizoiu, Marian-Andrei and Lee, Young and Mishra, Swapnil and Xie, Lexing},
  year = {2017},
  month = oct,
  archivePrefix = {arXiv},
  eprint = {1708.06401},
  eprinttype = {arxiv},
  journal = {arXiv:1708.06401 [cs, stat]},
  keywords = {Computer Science - Social and Information Networks,Statistics - Machine Learning},
  primaryClass = {cs, stat}
}

@article{robertsCommercialContentModeration,
  title = {Commercial {{Content Moderation}}: {{Digital Laborers}}' {{Dirty Work}}},
  author = {Roberts, Sarah T},
  pages = {12},
  journal = {Dirty Work},
  keywords = {content moderation,human moderators}
}

@article{robertsonDemocraticRoleSocial2019,
  title = {The Democratic Role of Social Media in Political Debates: {{The}} Use of {{Twitter}} in the First Televised {{US}} Presidential Debate of 2016},
  shorttitle = {The Democratic Role of Social Media in Political Debates},
  author = {Robertson, Craig T. and Dutton, William H. and Ackland, Robert and Peng, Tai-Quan},
  year = {2019},
  month = apr,
  volume = {16},
  pages = {105--118},
  publisher = {{Routledge}},
  issn = {1933-1681},
  doi = {10.1080/19331681.2019.1590283},
  journal = {Journal of Information Technology \& Politics},
  keywords = {democracy,Fifth Estate,live commentary,political debates,Political participation,social media,Twitter}
}

@book{robertsScreenContentModeration2019,
  title = {Behind the {{Screen}}: {{Content Moderation}} in the {{Shadows}} of {{Social Media}}},
  shorttitle = {Behind the {{Screen}}},
  author = {Roberts, Sarah T.},
  year = {2019},
  publisher = {{Yale University Press}},
  isbn = {978-0-300-23588-3},
  keywords = {content moderation}
}

@article{rogstadTwitterJustRehashing2016,
  title = {Is {{Twitter}} Just Rehashing? {{Intermedia}} Agenda Setting between {{Twitter}} and Mainstream Media},
  shorttitle = {Is {{Twitter}} Just Rehashing?},
  author = {Rogstad, Ingrid},
  year = {2016},
  month = apr,
  volume = {13},
  pages = {142--158},
  publisher = {{Routledge}},
  issn = {1933-1681},
  doi = {10.1080/19331681.2016.1160263},
  journal = {Journal of Information Technology \& Politics},
  keywords = {Gatekeeping,intermedia agenda setting,mainstream media,media agendas,Norway,social media,Twitter}
}

@book{rohlingerConstrictingBoundariesCollective,
  title = {Constricting {{Boundaries}}: {{Collective Identity}} in the {{Tea Party Movement}}},
  shorttitle = {Constricting {{Boundaries}}},
  author = {Rohlinger, Deana A. and Klein, Jesse and Stamm, Tara M. and Rogers, Kyle},
  publisher = {{NYU Press}},
  chapter = {Border Politics; http://web.archive.org/web/20200516055559/https://www.universitypressscholarship.com/view/10.18574/nyu/9781479898992.001.0001/upso-9781479898992-chapter-7},
  isbn = {978-1-4798-0679-9},
  journal = {Border Politics}
}

@article{romeroDifferencesMechanicsInformation2011,
  title = {Differences in the {{Mechanics}} of {{Information Diffusion Across Topics}}: {{Idioms}}, {{Political Hashtags}}, and {{Complex Contagion}} on {{Twitter}}},
  author = {Romero, Daniel M and Meeder, Brendan and Kleinberg, Jon},
  year = {2011},
  pages = {10}
}

@book{rosa-luxemburg-stiftungPostDigitalCulturesFar2019,
  title = {Post-{{Digital Cultures}} of the {{Far Right}}: {{Online Actions}} and {{Offline Consequences}} in {{Europe}} and the {{US}}},
  shorttitle = {Post-{{Digital Cultures}} of the {{Far Right}}},
  author = {{Rosa-Luxemburg-Stiftung} and {Amadeu-Antonio-Stiftung} and {Forschungsinstitut f\"ur gesellschaftliche Weiterentwicklung (FGW) e.V.}},
  editor = {Fielitz, Maik and Thurston, Nick},
  year = {2019},
  month = jan,
  publisher = {{transcript-Verlag}},
  doi = {10.14361/9783839446706; http://web.archive.org/web/20200531063556/https://www.degruyter.com/view/title/547757},
  isbn = {978-3-8394-4670-6},
  keywords = {archived}
}

@article{rozemberczkiAPIOrientedOpensource2020,
  title = {An {{API Oriented Open}}-Source {{Python Framework}} for {{Unsupervised Learning}} on {{Graphs}}},
  author = {Rozemberczki, Benedek and Kiss, Oliver and Sarkar, Rik},
  year = {2020},
  month = apr,
  archivePrefix = {arXiv},
  eprint = {2003.04819},
  eprinttype = {arxiv},
  journal = {arXiv:2003.04819 [cs, stat]},
  keywords = {Computer Science - Machine Learning,Computer Science - Social and Information Networks,Statistics - Machine Learning},
  primaryClass = {cs, stat}
}

@misc{rubinAmirubin87NECTAR2020,
  title = {Amirubin87/{{NECTAR}}},
  author = {Rubin, Amir},
  year = {2020},
  month = apr
}

@article{rungeTweetingNanoHow2013,
  title = {Tweeting Nano: How Public Discourses about Nanotechnology Develop in Social Media Environments},
  shorttitle = {Tweeting Nano},
  author = {Runge, Kristin K. and Yeo, Sara K. and Cacciatore, Michael and Scheufele, Dietram A. and Brossard, Dominique and Xenos, Michael and Anderson, Ashley and Choi, Doo-hun and Kim, Jiyoun and Li, Nan and Liang, Xuan and Stubbings, Maria and Su, Leona Yi-Fan},
  year = {2013},
  month = jan,
  volume = {15},
  pages = {1381},
  issn = {1572-896X},
  doi = {10.1007/s11051-012-1381-8},
  journal = {J Nanopart Res}
}

@article{russellQueerAmericaCitizenship2002,
  title = {Queer in {{America}}: {{Citizenship}} for Sexual Minority Youth},
  shorttitle = {Queer in {{America}}},
  author = {Russell, Stephen T.},
  year = {2002},
  volume = {6},
  pages = {258--263},
  publisher = {{Taylor \& Francis}},
  journal = {Applied Developmental Science}
}

@article{sahaLanguageLGBTQMinority2019,
  title = {The {{Language}} of {{LGBTQ}}+ {{Minority Stress Experiences}} on {{Social Media}}},
  author = {Saha, Koustuv and Kim, Sang Chan and Reddy, Manikanta D. and Carter, Albert J. and Sharma, Eva and Haimson, Oliver L. and De Choudhury, Munmun},
  year = {2019},
  month = nov,
  volume = {3},
  pages = {1--22},
  issn = {25730142},
  doi = {10.1145/3361108},
  journal = {Proc. ACM Hum.-Comput. Interact.},
  keywords = {to read}
}

@article{salazarAltRightCommunityDiscourse2018,
  title = {The {{Alt}}-{{Right}} as a {{Community}} of {{Discourse}}},
  author = {Salazar, Philippe-Joseph},
  year = {2018},
  month = apr,
  volume = {25},
  pages = {135--143},
  publisher = {{Routledge; http://web.archive.org/web/20200531051558/https://nca.tandfonline.com/doi/full/10.1080/13183222.2018.1423947}},
  issn = {1318-3222},
  doi = {10.1080/13183222.2018.1423947},
  journal = {Javnost - The Public}
}

@techreport{sanderFreedomExpressionAge2019,
  title = {Freedom of {{Expression}} in the {{Age}} of {{Online Platforms}}: {{The Promise}} and {{Pitfalls}} of a {{Human Rights}}-{{Based Approach}} to {{Content Moderation}}},
  shorttitle = {Freedom of {{Expression}} in the {{Age}} of {{Online Platforms}}},
  author = {Sander, Barrie},
  year = {2019},
  month = dec,
  address = {{Rochester, NY}},
  institution = {{Social Science Research Network}},
  doi = {10.2139/ssrn.3434972},
  keywords = {content moderation,freedom of expression,human rights,online platforms},
  type = {{{SSRN Scholarly Paper}}}
}

@misc{SantaClaraPrinciples,
  title = {Santa {{Clara Principles}} on {{Transparency}} and {{Accountability}} in {{Content Moderation}}},
  howpublished = {https://santaclaraprinciples.org/images/scp-og.png},
  journal = {Santa Clara Principles}
}

@article{sardamovBioPowerNeuropoliticsStepping2012,
  title = {From "{{Bio}}-{{Power}}" to "{{Neuropolitics}}": {{Stepping}} beyond {{Foucault}}},
  shorttitle = {From "{{Bio}}-{{Power}}" to "{{Neuropolitics}}"},
  author = {Sardamov, Ivelin and {Philosophy Documentation Center}},
  year = {2012},
  volume = {16},
  pages = {123--137},
  issn = {1091-8264},
  doi = {10.5840/techne201216212},
  journal = {Techn\'e: Research in Philosophy and Technology}
}

@article{sardamovOutTouchAnalytic2015,
  title = {Out of {{Touch}}: {{The Analytic Misconstrual}} of {{Social Knowledge}}},
  shorttitle = {Out of {{Touch}}},
  author = {Sardamov, Ivelin},
  year = {2015},
  month = jan,
  volume = {27},
  pages = {89--126},
  publisher = {{Routledge}},
  issn = {0891-3811},
  doi = {10.1080/08913811.2015.975915},
  journal = {Critical Review},
  keywords = {Anthony Jack,C. P. Snow,epistemology,holism,interpretivism,Jiro Tanaka,neuroscience,political science,positivism,psychology,social sciences,to_read,weird}
}

@article{sayfullinaDomainAdaptationResume2017,
  title = {Domain {{Adaptation}} for {{Resume Classification Using Convolutional Neural Networks}}},
  author = {Sayfullina, Luiza and Malmi, Eric and Liao, Yiping and Jung, Alex},
  year = {2017},
  month = jul,
  archivePrefix = {arXiv},
  eprint = {1707.05576},
  eprinttype = {arxiv},
  journal = {arXiv:1707.05576 [cs]},
  keywords = {Computer Science - Computer Vision and Pattern Recognition},
  primaryClass = {cs}
}

@article{sayyidGoverningGhostsRace2012,
  title = {Governing Ghosts: {{Race}}, Incorporeality and Difference in Post-Political Times - {{David Tyrer}}, {{Salman Sayyid}}, 2012},
  shorttitle = {Governing Ghosts},
  author = {Sayyid, Salman, David Tyrer},
  year = {2012},
  month = may,
  journal = {Current Sociology}
}

@article{schemmannCrowdsourcingIdeasInvolving2016,
  title = {Crowdsourcing Ideas: {{Involving}} Ordinary Users in the Ideation Phase of New Product Development},
  shorttitle = {Crowdsourcing Ideas},
  author = {Schemmann, Brita and Herrmann, Andrea M. and Chappin, Maryse M. H. and Heimeriks, Gaston J.},
  year = {2016},
  month = jul,
  volume = {45},
  pages = {1145--1154},
  issn = {0048-7333},
  doi = {10.1016/j.respol.2016.02.003},
  journal = {Research Policy},
  keywords = {Crowdsourcing,Ideation,New product development,Open innovation,Ordinary user}
}

@article{scheufeleAgendaSettingPrimingFraming2000,
  title = {Agenda-{{Setting}}, {{Priming}}, and {{Framing Revisited}}: {{Another Look}} at {{Cognitive Effects}} of {{Political Communication}}},
  shorttitle = {Agenda-{{Setting}}, {{Priming}}, and {{Framing Revisited}}},
  author = {Scheufele, Dietram A.},
  year = {2000},
  month = aug,
  volume = {3},
  pages = {297--316},
  publisher = {{Routledge}},
  issn = {1520-5436},
  doi = {10.1207/S15327825MCS0323_07},
  journal = {Mass Communication and Society}
}

@misc{schnoebelenDareSayYou2019,
  title = {I Dare Say You Will Never Use Tf-Idf Again},
  author = {Schnoebelen, Tyler},
  year = {2019},
  month = apr,
  howpublished = {https://medium.com/@TSchnoebelen/i-dare-say-you-will-never-use-tf-idf-again-4918408b2310},
  journal = {Medium}
}

@incollection{schoolofbusinessitandlogisticsrmituniversityauDistributedParticipatoryDesign2018,
  title = {Distributed {{Participatory Design}} in {{Crowdsourced Information Systems Development}}},
  booktitle = {Australasian {{Conference}} on {{Information Systems}} 2018},
  author = {{School of Business IT and Logistics RMIT University, AU} and Kautz, Karlheinz and Bjerknes, Gro and {Faculty of IT Monash University, AU} and Fisher, Julie and {Melbourne, Australia, AU} and Jensen, Tomas and {Communication, Knowledge \& Change, Cairns, Australia, AU}},
  year = {2018},
  publisher = {{University of Technology, Sydney}},
  doi = {10.5130/acis2018.aa}
}

@misc{schreckingerAltRightComesWashington,
  title = {The {{Alt}}-{{Right Comes}} to {{Washington}}},
  author = {Schreckinger, Ben},
  howpublished = {https://politi.co/2OaVQ5u},
  journal = {POLITICO Magazine}
}

@article{schwarzeneggerCanItBe2018,
  title = {Can It Be Hate If It Is Fun? {{Discursive}} Ensembles of Hatred and Laughter in Extreme Right Satire on {{Facebook}}},
  shorttitle = {Can It Be Hate If It Is Fun?},
  author = {Schwarzenegger, Christian and Wagner, Anna},
  year = {2018},
  volume = {7},
  pages = {473--498},
  publisher = {{Nomos Verlagsgesellschaft mbH \& Co. KG}},
  journal = {SCM Studies in Communication and Media}
}

@article{schweitzerInnovationNormalizationECampaigning2008,
  title = {Innovation or {{Normalization}} in {{E}}-{{Campaigning}}?: {{A Longitudinal Content}} and {{Structural Analysis}} of {{German Party Websites}} in the 2002 and 2005 {{National Elections}}},
  shorttitle = {Innovation or {{Normalization}} in {{E}}-{{Campaigning}}?},
  author = {Schweitzer, Eva Johanna},
  year = {2008},
  month = dec,
  volume = {23},
  pages = {449--470},
  publisher = {{SAGE Publications Ltd; http://web.archive.org/web/20200506082944/https://journals.sagepub.com/doi/10.1177/0267323108096994}},
  issn = {0267-3231},
  doi = {10.1177/0267323108096994},
  journal = {European Journal of Communication}
}

@article{schweitzerNormalizationLongitudinalAnalysis2011,
  title = {Normalization 2.0: {{A}} Longitudinal Analysis of {{German}} Online Campaigns in the National Elections 2002\textendash 9},
  shorttitle = {Normalization 2.0},
  author = {Schweitzer, Eva Johanna},
  year = {2011},
  month = dec,
  volume = {26},
  pages = {310--327},
  publisher = {{SAGE Publications Ltd; http://web.archive.org/web/20200506082813/https://journals.sagepub.com/doi/10.1177/0267323111423378}},
  issn = {0267-3231},
  doi = {10.1177/0267323111423378},
  journal = {European Journal of Communication}
}

@article{seelmanVictimizationMicroaggressionsTargeting2017,
  title = {Victimization and Microaggressions Targeting {{LGBTQ}} College Students: {{Gender}} Identity as a Moderator of Psychological Distress},
  shorttitle = {Victimization and Microaggressions Targeting {{LGBTQ}} College Students},
  author = {Seelman, Kristie L. and Woodford, Michael R. and Nicolazzo, Z.},
  year = {2017},
  volume = {26},
  pages = {112--125},
  publisher = {{Taylor \& Francis}},
  journal = {Journal of Ethnic \& Cultural Diversity in Social Work}
}

@article{seeringModeratorEngagementCommunity2019,
  title = {Moderator Engagement and Community Development in the Age of Algorithms},
  author = {Seering, Joseph and Wang, Tony and Yoon, Jina and Kaufman, Geoff},
  year = {2019},
  month = jul,
  volume = {21},
  pages = {1417--1443},
  publisher = {{SAGE Publications; http://web.archive.org/web/20200416023902/https://journals.sagepub.com/doi/10.1177/1461444818821316}},
  issn = {1461-4448},
  doi = {10.1177/1461444818821316},
  journal = {New Media \& Society}
}

@inproceedings{semaanDesigningPoliticalDeliberation2015,
  title = {Designing {{Political Deliberation Environments}} to {{Support Interactions}} in the {{Public Sphere}}},
  booktitle = {Proceedings of the 33rd {{Annual ACM Conference}} on {{Human Factors}} in {{Computing Systems}}},
  author = {Semaan, Bryan and Faucett, Heather and Robertson, Scott P. and Maruyama, Misa and Douglas, Sara},
  year = {2015},
  month = apr,
  pages = {3167--3176},
  publisher = {{Association for Computing Machinery}},
  address = {{Seoul, Republic of Korea}},
  doi = {10.1145/2702123.2702403},
  isbn = {978-1-4503-3145-6},
  keywords = {design,political deliberation,public sphere,social media},
  series = {{{CHI}} '15}
}

@techreport{shaimaabakrRecommendationsFacebookContent2019,
  title = {Recommendations for the {{Facebook Content Review Board}}},
  author = {{Shaimaa Bakr} and {Fernando Beridion-Del Valle} and {Isabella Garcia-Camargo} and {Julia Greenberg} and {Tara Iyer} and {Alejandra Lynberg} and {Madeline Magnuson} and {Shawn Musgrave} and {Ashwin Ramaswami} and {Nora Tan} and {Marlena Wisniak} and {Monica Zwolinski}},
  institution = {{Stanford Law School Law and Policy Lab}}
}

@inproceedings{shenDiscourseOnlineContent2019,
  title = {The {{Discourse}} of {{Online Content Moderation}}: {{Investigating Polarized User Responses}} to {{Changes}} in {{Reddit}}'s {{Quarantine Policy}}},
  shorttitle = {The {{Discourse}} of {{Online Content Moderation}}},
  booktitle = {Proceedings of the {{Third Workshop}} on {{Abusive Language Online}}},
  author = {Shen, Qinlan and Rose, Carolyn},
  year = {2019},
  pages = {58--69},
  publisher = {{Association for Computational Linguistics}},
  address = {{Florence, Italy}},
  doi = {10.18653/v1/W19-3507}
}

@article{shulhaIntroducingEvidenceBasedPrinciples2016,
  title = {Introducing {{Evidence}}-{{Based Principles}} to {{Guide Collaborative Approaches}} to {{Evaluation}}: {{Results}} of an {{Empirical Process}}},
  shorttitle = {Introducing {{Evidence}}-{{Based Principles}} to {{Guide Collaborative Approaches}} to {{Evaluation}}},
  author = {Shulha, Lyn M. and Whitmore, Elizabeth and Cousins, J. Bradley and Gilbert, Nathalie and {al Hudib}, Hind},
  year = {2016},
  month = jun,
  volume = {37},
  pages = {193--215},
  publisher = {{SAGE Publications Inc; http://web.archive.org/web/20200428234650/https://journals.sagepub.com/doi/10.1177/1098214015615230}},
  issn = {1098-2140},
  doi = {10.1177/1098214015615230},
  journal = {American Journal of Evaluation}
}

@misc{silgeIntroducingTidylo2019,
  title = {Introducing Tidylo},
  author = {Silge, Julia},
  year = {2019},
  month = jul,
  howpublished = {https://juliasilge.com/blog/introducing-tidylo/},
  journal = {Julia Silge}
}

@misc{southernpovertylawcenterAltRight,
  title = {Alt-{{Right}}},
  author = {{Southern Poverty Law Center}},
  howpublished = {https://www.splcenter.org/fighting-hate/extremist-files/ideology/alt-right},
  journal = {Southern Poverty Law Center},
  keywords = {archived}
}

@article{southertonRestrictedModesSocial2020,
  title = {Restricted Modes: {{Social}} Media, Content Classification and {{LGBTQ}} Sexual Citizenship},
  shorttitle = {Restricted Modes},
  author = {Southerton, Clare and Marshall, Daniel and Aggleton, Peter and Rasmussen, Mary Lou and Cover, Rob},
  year = {2020},
  pages = {1461444820904362},
  publisher = {{SAGE Publications Sage UK: London, England}},
  journal = {New Media \& Society}
}

@misc{SPJCodeEthics,
  title = {{{SPJ Code}} of {{Ethics}} - {{Society}} of {{Professional Journalists}}},
  howpublished = {https://www.spj.org/ethicscode.asp}
}

@article{squireWhichWayWheat,
  title = {Which Way to the Wheat Field? {{Women}} of the Radical Right on {{Facebook}}},
  author = {Squire, Megan},
  pages = {10}
}

@article{squirrellPlatformDialecticsRelationships2019,
  title = {Platform Dialectics: {{The}} Relationships between Volunteer Moderators and End Users on Reddit},
  shorttitle = {Platform Dialectics},
  author = {Squirrell, Tim},
  year = {2019},
  volume = {21},
  pages = {1910--1927},
  publisher = {{SAGE Publications Sage UK: London, England}},
  journal = {New Media \& Society}
}

@article{staffansCommunicationOrientedProcessSensitivePlanning2020,
  title = {Communication-{{Oriented}} and {{Process}}-{{Sensitive Planning Support}}:},
  shorttitle = {Communication-{{Oriented}} and {{Process}}-{{Sensitive Planning Support}}},
  author = {Staffans, Aija and {Kahila-Tani}, Maarit and Geertman, Stan and Sillanp{\"a}{\"a}, Pihla and Horelli, Liisa},
  year = {2020},
  month = apr,
  volume = {9},
  pages = {1--20},
  issn = {2160-9918, 2160-9926},
  doi = {10.4018/IJEPR.2020040101},
  journal = {International Journal of E-Planning Research},
  keywords = {archived}
}

@article{starLayersSilenceArenas1999,
  title = {Layers of {{Silence}}, {{Arenas}} of {{Voice}}: {{The Ecology}} of {{Visible}} and {{Invisible Work}}},
  shorttitle = {Layers of {{Silence}}, {{Arenas}} of {{Voice}}},
  author = {Star, Susan Leigh and Strauss, Anselm},
  year = {1999},
  month = mar,
  volume = {8},
  pages = {9--30},
  issn = {1573-7551},
  doi = {10.1023/A:1008651105359},
  journal = {Computer Supported Cooperative Work (CSCW)}
}

@misc{StationFeatures,
  title = {Station \textbullet{} {{Features}}},
  howpublished = {https://getstation.com/},
  keywords = {archived}
}

@article{stavrakakisExtremeRightwingPopulism2017,
  title = {Extreme Right-Wing Populism in {{Europe}}: Revisiting a Reified Association},
  shorttitle = {Extreme Right-Wing Populism in {{Europe}}},
  author = {Stavrakakis, Yannis and Katsambekis, Giorgos and Nikisianis, Nikos and Kioupkiolis, Alexandros and Siomos, Thomas},
  year = {2017},
  month = aug,
  volume = {14},
  pages = {420--439},
  publisher = {{Routledge}},
  issn = {1740-5904},
  doi = {10.1080/17405904.2017.1309325},
  journal = {Critical Discourse Studies},
  keywords = {discourse,Essex School,Europe,extreme right,France,Netherlands,Populism}
}

@book{sternProudBoysWhite2019,
  title = {Proud {{Boys}} and the {{White Ethnostate}}: {{How}} the {{Alt}}-{{Right Is Warping}} the {{American Imagination}}},
  shorttitle = {Proud {{Boys}} and the {{White Ethnostate}}},
  author = {Stern, Alexandra Minna},
  year = {2019},
  publisher = {{Beacon Press}}
}

@article{stewartMakingFetchHappen2018,
  title = {Making "Fetch" Happen: {{The}} Influence of Social and Linguistic Context on Nonstandard Word Growth and Decline},
  shorttitle = {Making "Fetch" Happen},
  author = {Stewart, Ian and Eisenstein, Jacob},
  year = {2018},
  month = aug,
  archivePrefix = {arXiv},
  eprint = {1709.00345},
  eprinttype = {arxiv},
  journal = {arXiv:1709.00345 [physics]},
  keywords = {Computer Science - Computation and Language,Computer Science - Social and Information Networks,I.2.7,Physics - Physics and Society},
  primaryClass = {physics}
}

@article{stewartResearchingOnlinePopulations2005,
  title = {Researching Online Populations: The Use of Online Focus Groups for Social Research},
  shorttitle = {Researching Online Populations},
  author = {Stewart, Kate and Williams, Matthew},
  year = {2005},
  month = nov,
  volume = {5},
  pages = {395--416},
  publisher = {{SAGE Publications; http://web.archive.org/web/20200428184431/http://mr.crossref.org/iPage?doi=10.1177\%2F1468794105056916}},
  issn = {1468-7941},
  doi = {10.1177/1468794105056916},
  journal = {Qualitative Research}
}

@article{stierElectionCampaigningSocial2018,
  title = {Election {{Campaigning}} on {{Social Media}}: {{Politicians}}, {{Audiences}}, and the {{Mediation}} of {{Political Communication}} on {{Facebook}} and {{Twitter}}},
  shorttitle = {Election {{Campaigning}} on {{Social Media}}},
  author = {Stier, Sebastian and Bleier, Arnim and Lietz, Haiko and Strohmaier, Markus},
  year = {2018},
  month = jan,
  volume = {35},
  pages = {50--74},
  publisher = {{Routledge}},
  issn = {1058-4609},
  doi = {10.1080/10584609.2017.1334728},
  journal = {Political Communication},
  keywords = {cross-media analysis,language models,online campaigning,social media,text analysis}
}

@article{stucchioAIEthicsImpossibility,
  title = {{{AI Ethics}}, {{Impossibility Theorems}} and {{Tradeoffs}}},
  author = {Stucchio, Chris},
  pages = {57}
}

@inproceedings{stviliaAssessingInformationQuality2005,
  title = {{Assessing information quality of a community-based encyclopedia}},
  booktitle = {{Proceedings of the 2005 International Conference on Information Quality, ICIQ 2005}},
  author = {Stvilia, Besiki and Twidale, Michael Bernard and Smith, Linda C. and Gasser, Les},
  year = {2005}
}

@book{suchmanHumanmachineReconfigurationsPlans2007,
  title = {Human-Machine Reconfigurations: {{Plans}} and Situated Actions, 2nd Ed},
  shorttitle = {Human-Machine Reconfigurations},
  author = {Suchman, Lucy A.},
  year = {2007},
  pages = {xii, 314},
  publisher = {{Cambridge University Press}},
  address = {{New York, NY, US}},
  isbn = {978-0-521-67588-8 978-0-521-85891-5},
  keywords = {Artificial Intelligence,Computers,Human Machine Systems,Humanities,Rhetoric,Social Sciences},
  series = {Human-Machine Reconfigurations: {{Plans}} and Situated Actions, 2nd Ed}
}

@article{sunParallelSelforganizingOverlapping2018,
  title = {A Parallel Self-Organizing Overlapping Community Detection Algorithm Based on Swarm Intelligence for Large Scale Complex Networks},
  author = {Sun, Hanlin and Jie, Wei and Loo, Jonathan and Wang, Lizhe and Ma, Sugang and Han, Gang and Wang, Zhongmin and Xing, Wei},
  year = {2018},
  month = dec,
  volume = {89},
  pages = {265--285},
  issn = {0167-739X},
  doi = {10.1016/j.future.2018.05.071},
  journal = {Future Generation Computer Systems},
  keywords = {Community structure analysis,Complex network analysis,Overlapping community detection,Parallel network analysis,Swarm intelligence}
}

@article{surianCharacterizingTwitterDiscussions2016,
  title = {Characterizing {{Twitter Discussions About HPV Vaccines Using Topic Modeling}} and {{Community Detection}}},
  author = {Surian, Didi and Nguyen, Dat Quoc and Kennedy, Georgina and Johnson, Mark and Coiera, Enrico and Dunn, Adam G.},
  year = {2016},
  volume = {18},
  pages = {e232},
  publisher = {{JMIR Publications Inc., Toronto, Canada; http://web.archive.org/web/20200517034753/https://www.jmir.org/2016/8/e232/}},
  doi = {10.2196/jmir.6045},
  journal = {Journal of Medical Internet Research}
}

@article{suWhoAgendaSetter2019,
  title = {Who Is the Agenda Setter? {{Examining}} the Intermedia Agenda-Setting Effect between {{Twitter}} and Newspapers},
  shorttitle = {Who Is the Agenda Setter?},
  author = {Su, Yan and Borah, Porismita},
  year = {2019},
  month = jul,
  volume = {16},
  pages = {236--249},
  publisher = {{Routledge}},
  issn = {1933-1681},
  doi = {10.1080/19331681.2019.1641451},
  journal = {Journal of Information Technology \& Politics},
  keywords = {Agenda setting,climate change,content analysis,cross-lagged correlations,global warming,intermedia agenda setting,newspapers,paris climate agreement,Twitter}
}

@inproceedings{tanEffectWordingMessage2014,
  title = {The Effect of Wording on Message Propagation: {{Topic}}-and Author-Controlled Natural Experiments on {{Twitter}}},
  booktitle = {Proceedings of the 52nd {{Annual Meeting}} of the {{Association}} for {{Computational Linguistics}} ({{Volume}} 1: {{Long Papers}})},
  author = {Tan, Chenhao and Lee, Lillian and Pang, Bo},
  year = {2014},
  pages = {175--185}
}

@article{terranovaFuturepublicInformationWarfare2007,
  title = {Futurepublic: {{On Information Warfare}}, {{Bio}}-Racism and {{Hegemony}} as {{Noopolitics}}},
  shorttitle = {Futurepublic},
  author = {Terranova, Tiziana},
  year = {2007},
  month = may,
  volume = {24},
  pages = {125--145},
  publisher = {{SAGE Publications Ltd; http://web.archive.org/web/20200409183850/https://journals.sagepub.com/doi/10.1177/0263276407075960}},
  issn = {0263-2764},
  doi = {10.1177/0263276407075960},
  journal = {Theory, Culture \& Society}
}

@misc{TerrorismAmerica11,
  title = {Terrorism in {{America After}} 9/11},
  howpublished = {https://www.newamerica.org/in-depth/terrorism-in-america/}
}

@article{thomasExperiencesGayBisexual2013,
  title = {The Experiences of Gay and Bisexual Men Diagnosed with Prostate Cancer: Results from an Online Focus Group},
  shorttitle = {The Experiences of Gay and Bisexual Men Diagnosed with Prostate Cancer},
  author = {Thomas, C. and Wootten, A. and Robinson, P.},
  year = {2013},
  volume = {22},
  pages = {522--529},
  issn = {1365-2354},
  doi = {10.1111/ecc.12058},
  copyright = {\textcopyright{} 2013 John Wiley \& Sons Ltd},
  journal = {European Journal of Cancer Care},
  keywords = {bisexual,focus group,gay,prostate cancer,stigma}
}

@misc{TopicModelingPython2018,
  title = {Topic {{Modeling}} in {{Python}} with {{Gensim}}},
  year = {2018},
  month = mar,
  journal = {Machine Learning Plus}
}

@article{tornbergUnveilingRadicalRight2018,
  title = {Unveiling the Radical Right Online : {{Exploring}} Framing and Identity in an Online Anti-Immigrant Discussion Group},
  shorttitle = {Unveiling the Radical Right Online},
  author = {T{\"o}rnberg, Anton and Wahlstr{\"o}m, Mattias},
  year = {2018},
  volume = {55},
  pages = {267--292},
  publisher = {{Sveriges Sociologf\"orbud; http://web.archive.org/web/20200516052849/http://du.diva-portal.org/smash/record.jsf?pid=diva2\%3A1230181\&dswid=5712; http://web.archive.org/web/20200516052855/http://du.diva-portal.org/smash/record.jsf?pid=diva2\%3A1230181\&dswid=4241}},
  journal = {Sociologisk forskning}
}

@article{torokDevelopingExplanatoryModel2013,
  title = {Developing an Explanatory Model for the Process of Online Radicalisation and Terrorism},
  author = {Torok, Robyn},
  year = {2013},
  month = feb,
  volume = {2},
  pages = {6},
  issn = {2190-8532},
  doi = {10.1186/2190-8532-2-6},
  journal = {Secur Inform},
  keywords = {archived}
}

@misc{TOSsedOut2019,
  title = {{{TOSsed Out}}},
  year = {2019},
  month = may,
  howpublished = {https://www.eff.org/tossedout},
  journal = {Electronic Frontier Foundation}
}

@article{towhidiTrustDecisionMakingOnline,
  title = {Trust {{Decision}}-{{Making}} in {{Online Social Communities}}: {{A Network}}-{{Based Model}}},
  author = {Towhidi, Gelareh and Sinha, Atish P. and Srite, Mark and Zhao, Huimin},
  doi = {10.1080/08874417.2020.1744200},
  journal = {Journal of Computer Information Systems},
  keywords = {Researcher App}
}

@inproceedings{tsurFrameMindUsing2015,
  title = {A {{Frame}} of {{Mind}}: {{Using Statistical Models}} for {{Detection}} of {{Framing}} and {{Agenda Setting Campaigns}}},
  shorttitle = {A {{Frame}} of {{Mind}}},
  booktitle = {Proceedings of the 53rd {{Annual Meeting}} of the {{Association}} for {{Computational Linguistics}} and the 7th {{International Joint Conference}} on {{Natural Language Processing}} ({{Volume}} 1: {{Long Papers}})},
  author = {Tsur, Oren and Calacci, Dan and Lazer, David},
  year = {2015},
  pages = {1629--1638},
  publisher = {{Association for Computational Linguistics}},
  address = {{Beijing, China}},
  doi = {10.3115/v1/P15-1157},
  keywords = {archived}
}

@article{tworekDisputeResolutionContent2020,
  title = {Dispute {{Resolution}} and {{Content Moderation}}: {{Fair}}, {{Accountable}}, {{Independent}}, {{Transparent}}, and {{Effective}}},
  shorttitle = {Dispute {{Resolution}} and {{Content Moderation}}},
  author = {Tworek, Heidi and Tenove, Chris},
  year = {2020},
  publisher = {{Transatlantic High Level Working Group on Content Moderation Online and \ldots}}
}

@misc{UnderstandingConceptGovernance,
  title = {Understanding the {{Concept}} of {{Governance}}},
  howpublished = {https://www.gdrc.org/u-gov/governance-understand.html}
}

@article{valenzuelaParadoxParticipationMisinformation2019,
  title = {The {{Paradox}} of {{Participation Versus Misinformation}}: {{Social Media}}, {{Political Engagement}}, and the {{Spread}} of {{Misinformation}}},
  shorttitle = {The {{Paradox}} of {{Participation Versus Misinformation}}},
  author = {Valenzuela, Sebasti{\'a}n and Halpern, Daniel and Katz, James E. and Miranda, Juan Pablo},
  year = {2019},
  month = jul,
  volume = {7},
  pages = {802--823},
  publisher = {{Routledge}},
  issn = {2167-0811},
  doi = {10.1080/21670811.2019.1623701},
  journal = {Digital Journalism},
  keywords = {Chile,Misinformation,news,political participation,social media}
}

@article{vandiverAltVirilitiesMasculinismRhizomatics2020,
  title = {Alt-{{Virilities}}: {{Masculinism}}, {{Rhizomatics}}, and the {{Contradictions}} of the {{American Alt}}-{{Right}}},
  shorttitle = {Alt-{{Virilities}}},
  author = {Vandiver, Josh},
  year = {2020},
  month = may,
  pages = {1--24},
  issn = {2156-7689, 2156-7697},
  doi = {10.1080/21567689.2020.1763319},
  journal = {Politics, Religion \& Ideology},
  keywords = {archived}
}

@inproceedings{varolOnlineHumanbotInteractions2017,
  title = {Online Human-Bot Interactions: {{Detection}}, Estimation, and Characterization},
  booktitle = {Eleventh International {{AAAI}} Conference on Web and Social Media},
  author = {Varol, Onur and Ferrara, Emilio and Davis, Clayton A and Menczer, Filippo and Flammini, Alessandro},
  year = {2017}
}

@inproceedings{versteegInformationtheoreticMeasuresInfluence2013,
  title = {Information-Theoretic Measures of Influence Based on Content Dynamics},
  booktitle = {Proceedings of the Sixth {{ACM}} International Conference on {{Web}} Search and Data Mining},
  author = {Ver Steeg, Greg and Galstyan, Aram},
  year = {2013},
  pages = {3--12}
}

@book{vickeryMediatingMisogynyGender2018,
  title = {Mediating {{Misogyny}}: {{Gender}}, {{Technology}}, and {{Harassment}}},
  shorttitle = {Mediating {{Misogyny}}},
  author = {Vickery, Jacqueline Ryan and Everbach, Tracy},
  year = {2018},
  month = feb,
  publisher = {{Springer}},
  googlebooks = {rRBMDwAAQBAJ},
  isbn = {978-3-319-72917-6},
  keywords = {Language Arts \& Disciplines / Communication Studies,Language Arts \& Disciplines / Journalism,Social Science / Anthropology / Cultural \& Social,Social Science / Gender Studies,Social Science / Media Studies,Social Science / Women's Studies}
}

@article{vietenContemporaryFarRightRacist2016,
  title = {Contemporary {{Far}}-{{Right Racist Populism}} in {{Europe}}},
  author = {Vieten, Ulrike M. and Poynting, Scott},
  year = {2016},
  month = nov,
  volume = {37},
  pages = {533--540},
  publisher = {{Routledge}},
  issn = {0725-6868},
  doi = {10.1080/07256868.2016.1235099},
  journal = {Journal of Intercultural Studies},
  keywords = {anti-Immigration,Europe,far right,Islamophobia,populism,Racism}
}

@article{waggonerBigDataTrust2019,
  title = {Big {{Data}} and {{Trust}} in {{Public Policy Automation}}},
  author = {Waggoner, Philip D. and link will open in a new window {Link to external site}, this and Kennedy, Ryan and Le, Hayden and Shiran, Myriam},
  year = {2019},
  volume = {10},
  pages = {115--136},
  publisher = {{Walter de Gruyter GmbH}},
  address = {{Berlin, Germany, Berlin}},
  issn = {21946299},
  doi = {http://dx.doi.org.proxy.lib.umich.edu/10.1515/spp-2019-0005},
  copyright = {\textcopyright{} 2019 Walter de Gruyter GmbH, Berlin/Boston},
  journal = {Statistics, Politics, and Policy; Berlin},
  keywords = {Accuracy,Algorithms,Automation,Big Data,Data quality,Decision making,Modern society,Public Administration,Public policy,Respondents,Signals,Statistics}
}

@inproceedings{wallaceClassProbabilityEstimates2012,
  title = {Class {{Probability Estimates}} Are {{Unreliable}} for {{Imbalanced Data}} (and {{How}} to {{Fix Them}})},
  booktitle = {2012 {{IEEE}} 12th {{International Conference}} on {{Data Mining}}},
  author = {Wallace, Byron C. and Dahabreh, Issa J.},
  year = {2012},
  month = dec,
  pages = {695--704},
  issn = {2374-8486},
  doi = {10.1109/ICDM.2012.115},
  keywords = {Bagging,Bayes methods,Bayesian approach,Calibration,class imbalance,class probability estimation,classification system,Estimation,estimation theory,imbalanced data,learning (artificial intelligence),Logistics,machine learning,Mathematical model,pattern classification,posterior distribution,probability estimates,Sensitivity,statistical distributions,supervised learning}
}

@inproceedings{wangDeepCaroteneJobTitle2019,
  title = {{{DeepCarotene}} -{{Job Title Classification}} with {{Multi}}-Stream {{Convolutional Neural Network}}},
  booktitle = {2019 {{IEEE International Conference}} on {{Big Data}} ({{Big Data}})},
  author = {Wang, Jingya and Abdelfatah, Kareem and Korayem, Mohammed and Balaji, Janani},
  year = {2019},
  month = dec,
  pages = {1953--1961},
  doi = {10.1109/BigData47090.2019.9005673},
  keywords = {CNN,convolutional neural nets,Convolutional neural networks,Data models,DeepCarotene,job description,job posting,job recommendation,job search,job title classification problem,learning (artificial intelligence),Machine learning,multiclass text classification,multistream convolutional neural network,Noise measurement,online job boards,pattern classification,raw job title,recruitment,Semantics,Task analysis,text analysis,Training data}
}

@inproceedings{wangUnderstandingGraphSampling2011,
  title = {Understanding {{Graph Sampling Algorithms}} for {{Social Network Analysis}}},
  booktitle = {2011 31st {{International Conference}} on {{Distributed Computing Systems Workshops}}},
  author = {Wang, Tianyi and Chen, Yang and Zhang, Zengbin and Xu, Tianyin and Jin, Long and Hui, Pan and Deng, Beixing and Li, Xing},
  year = {2011},
  month = jun,
  pages = {123--128},
  issn = {2332-5666},
  doi = {10.1109/ICDCSW.2011.34},
  keywords = {Algorithm design and analysis,Clustering algorithms,Electronic publishing,Encyclopedias,graph sampling algorithms,graph scale,graph theory,Internet,Proposals,sampling methods,social graph,social network analysis,Social network services,social networking (online)}
}

@article{wengViralityPredictionCommunity2013,
  title = {Virality {{Prediction}} and {{Community Structure}} in {{Social Networks}}},
  author = {Weng, Lilian and Menczer, Filippo and Ahn, Yong-Yeol},
  year = {2013},
  month = aug,
  volume = {3},
  pages = {1--6},
  publisher = {{Nature Publishing Group; http://web.archive.org/web/20200516070856/https://www.nature.com/articles/srep02522\%C2\%A0}},
  issn = {2045-2322},
  doi = {10.1038/srep02522},
  copyright = {2013 The Author(s)},
  journal = {Sci Rep}
}

@misc{WhatQuestionScience,
  title = {What Is the Question? | {{Science}}},
  howpublished = {https://science-sciencemag-org.proxy.lib.umich.edu/content/347/6228/1314}
}

@article{WikipediaPoliciesGuidelines2020,
  title = {Wikipedia:{{Policies}} and Guidelines},
  shorttitle = {Wikipedia},
  year = {2020},
  month = apr,
  copyright = {Creative Commons Attribution-ShareAlike License},
  journal = {Wikipedia}
}

@article{WikipediaTalkPolicies2020,
  title = {Wikipedia Talk:{{Policies}} and Guidelines},
  shorttitle = {Wikipedia Talk},
  year = {2020},
  month = apr,
  copyright = {Creative Commons Attribution-ShareAlike License},
  journal = {Wikipedia}
}

@misc{WikiWebSite,
  title = {Wiki | {{Web}} Site},
  howpublished = {https://www.britannica.com/topic/wiki},
  journal = {Encyclopedia Britannica}
}

@article{williamsDifferentNewsDifferent,
  title = {Different News for Different Views: {{Political}} News-Sharing Communities on Social Media through the {{UK General Election}} in 2015},
  author = {Williams, Matthew J and Cioroianu, Iulia and Williams, Hywel T P},
  pages = {8}
}

@article{willisMappingNetworksInfluence2015,
  title = {Mapping Networks of Influence: {{Tracking Twitter}} Conversations through Time and Space},
  author = {Willis, Alistair and Fisher, Ali and Lvov, Ilia},
  year = {2015},
  volume = {12},
  pages = {37}
}

@article{wobbrockCatchyTitlesAre,
  title = {Catchy {{Titles Are Good}}: {{But Avoid Being Cute}}},
  author = {Wobbrock, Jacob O},
  pages = {5}
}

@book{worthMorbidSymptomsGlobal2019,
  title = {Morbid {{Symptoms}}: {{The Global Rise}} of the {{Far}}-{{Right}}},
  shorttitle = {Morbid {{Symptoms}}},
  author = {Worth, Owen},
  year = {2019},
  month = oct,
  publisher = {{Zed Books Ltd.}},
  googlebooks = {EuO3DwAAQBAJ},
  isbn = {978-1-78699-337-3},
  keywords = {Education / Higher,Political Science / History \& Theory,Political Science / International Relations / General,Political Science / Political Economy,Political Science / Political Ideologies / Democracy,Political Science / Political Ideologies / Fascism \& Totalitarianism,Political Science / Political Ideologies / General,Political Science / Political Ideologies / Nationalism \& Patriotism,Political Science / Public Policy / Economic Policy,Social Science / Anthropology / Cultural \& Social,Social Science / Sociology / General}
}

@article{wrightPoliticsUsualRevolution2012,
  title = {Politics as Usual? {{Revolution}}, Normalization and a New Agenda for Online Deliberation},
  shorttitle = {Politics as Usual?},
  author = {Wright, Scott},
  year = {2012},
  month = mar,
  volume = {14},
  pages = {244--261},
  publisher = {{SAGE Publications; http://web.archive.org/web/20200506082819/https://journals.sagepub.com/doi/10.1177/1461444811410679}},
  issn = {1461-4448},
  doi = {10.1177/1461444811410679},
  journal = {New Media \& Society}
}

@article{wrightThirdPlaceThird2012,
  title = {From ``{{Third Place}}'' to ``{{Third Space}}'': {{Everyday Political Talk}} in {{Non}}-{{Political Online Spaces}}},
  shorttitle = {From ``{{Third Place}}'' to ``{{Third Space}}''},
  author = {Wright, Scott},
  year = {2012},
  month = jan,
  volume = {19},
  pages = {5--20},
  publisher = {{Routledge; http://web.archive.org/web/20200506082836/https://nca.tandfonline.com/doi/abs/10.1080/13183222.2012.11009088}},
  issn = {1318-3222},
  doi = {10.1080/13183222.2012.11009088},
  journal = {Javnost - The Public}
}

@article{xieSLPAUncoveringOverlapping2011,
  title = {{{SLPA}}: {{Uncovering Overlapping Communities}} in {{Social Networks}} via {{A Speaker}}-Listener {{Interaction Dynamic Process}}},
  shorttitle = {{{SLPA}}},
  author = {Xie, Jierui and Szymanski, Boleslaw K. and Liu, Xiaoming},
  year = {2011},
  month = nov,
  archivePrefix = {arXiv},
  eprint = {1109.5720},
  eprinttype = {arxiv},
  journal = {arXiv:1109.5720 [physics]},
  keywords = {Computer Science - Data Structures and Algorithms,Computer Science - Social and Information Networks,Physics - Physics and Society},
  primaryClass = {physics}
}

@inproceedings{yangCommunityAffiliationGraphModel2012,
  title = {Community-{{Affiliation Graph Model}} for {{Overlapping Network Community Detection}}},
  booktitle = {2012 {{IEEE}} 12th {{International Conference}} on {{Data Mining}}},
  author = {Yang, Jaewon and Leskovec, Jure},
  year = {2012},
  month = dec,
  pages = {1170--1175},
  issn = {2374-8486},
  doi = {10.1109/ICDM.2012.139},
  keywords = {bipartite node-community affiliation networks,Collaboration,collaboration networks,Communities,Community detection,community memberships,community-affiliation graph model,densely linked clusters,graph theory,ground-truth communities,hierarchically nested communities,Image edge detection,information networks,model-based community detection method,nonoverlapping communities,Organizing,Overlapping communities,overlapping network community detection,pattern clustering,real-world networks,Reliability,social networking (online),social networks,YouTube}
}

@inproceedings{yangCommunityDetectionNetworks2013,
  title = {Community {{Detection}} in {{Networks}} with {{Node Attributes}}},
  booktitle = {2013 {{IEEE}} 13th {{International Conference}} on {{Data Mining}}},
  author = {Yang, Jaewon and McAuley, Julian and Leskovec, Jure},
  year = {2013},
  month = dec,
  pages = {1151--1156},
  issn = {2374-8486},
  doi = {10.1109/ICDM.2013.167},
  keywords = {CESNA,clustering algorithms,Communities,Community detection,community detection algorithms,community from edge structure and node attributes,data modalities,Electronic publishing,Encyclopedias,Facebook,Image edge detection,Logistics,Network communities,network size,network structure,network theory (graphs),Node attributes,organizational principles,overlapping community detection,Overlapping community detection,pattern clustering,social networking (online),statistical analysis,statistical modelling}
}

@article{yangDefiningEvaluatingNetwork2015,
  title = {Defining and Evaluating Network Communities Based on Ground-Truth},
  author = {Yang, Jaewon and Leskovec, Jure},
  year = {2015},
  month = jan,
  volume = {42},
  pages = {181--213},
  issn = {0219-1377, 0219-3116},
  doi = {10.1007/s10115-013-0693-z},
  journal = {Knowl Inf Syst}
}

@inproceedings{zannettouWebCentipedeUnderstanding2017,
  title = {The Web Centipede: Understanding How Web Communities Influence Each Other through the Lens of Mainstream and Alternative News Sources},
  shorttitle = {The Web Centipede},
  booktitle = {Proceedings of the 2017 {{Internet Measurement Conference}}},
  author = {Zannettou, Savvas and Caulfield, Tristan and De Cristofaro, Emiliano and Kourtelris, Nicolas and Leontiadis, Ilias and Sirivianos, Michael and Stringhini, Gianluca and Blackburn, Jeremy},
  year = {2017},
  month = nov,
  pages = {405--417},
  publisher = {{Association for Computing Machinery}},
  address = {{London, United Kingdom}},
  doi = {10.1145/3131365.3131390},
  isbn = {978-1-4503-5118-8},
  keywords = {4chan,fake news,influence,reddit,social networks,Twitter},
  series = {{{IMC}} '17}
}

@inproceedings{zeyuUnderstandingOnlineExtremism2019,
  title = {Towards an {{Understanding}} of {{Online Extremism}} in {{Japan}}},
  booktitle = {{{IEEE}}/{{WIC}}/{{ACM International Conference}} on {{Web Intelligence}} on   - {{WI}} '19 {{Companion}}},
  author = {Zeyu, Lyu},
  year = {2019},
  pages = {7--13},
  publisher = {{ACM Press}},
  address = {{Thessaloniki, Greece}},
  doi = {10.1145/3358695.3360922},
  isbn = {978-1-4503-6988-6},
  keywords = {archived}
}

@article{zhaoHeuristicApproachDetermine2015,
  title = {A Heuristic Approach to Determine an Appropriate Number of Topics in Topic Modeling},
  author = {Zhao, Weizhong and Chen, James J. and Perkins, Roger and Liu, Zhichao and Ge, Weigong and Ding, Yijun and Zou, Wen},
  year = {2015},
  month = dec,
  volume = {16},
  pages = {S8},
  issn = {1471-2105},
  doi = {10.1186/1471-2105-16-S13-S8},
  journal = {BMC Bioinformatics}
}

@inproceedings{zhaoHierarchicalIncompleteMultisource2016,
  title = {Hierarchical {{Incomplete Multi}}-Source {{Feature Learning}} for {{Spatiotemporal Event Forecasting}}},
  booktitle = {Proceedings of the 22nd {{ACM SIGKDD International Conference}} on {{Knowledge Discovery}} and {{Data Mining}}},
  author = {Zhao, Liang and Ye, Jieping and Chen, Feng and Lu, Chang-Tien and Ramakrishnan, Naren},
  year = {2016},
  month = aug,
  pages = {2085--2094},
  publisher = {{Association for Computing Machinery}},
  address = {{San Francisco, California, USA}},
  doi = {10.1145/2939672.2939847},
  isbn = {978-1-4503-4232-2},
  keywords = {event forecasting,feature selection.,multiple data sources},
  series = {{{KDD}} '16}
}

@inproceedings{zhaoMultiTaskLearningSpatioTemporal2015,
  title = {Multi-{{Task Learning}} for {{Spatio}}-{{Temporal Event Forecasting}}},
  booktitle = {Proceedings of the 21th {{ACM SIGKDD International Conference}} on {{Knowledge Discovery}} and {{Data Mining}}},
  author = {Zhao, Liang and Sun, Qian and Ye, Jieping and Chen, Feng and Lu, Chang-Tien and Ramakrishnan, Naren},
  year = {2015},
  month = aug,
  pages = {1503--1512},
  publisher = {{Association for Computing Machinery}},
  address = {{Sydney, NSW, Australia}},
  doi = {10.1145/2783258.2783377},
  isbn = {978-1-4503-3664-2},
  keywords = {dynamic query expansion,event forecasting,hard thresholding,lasso,multi-task learning},
  series = {{{KDD}} '15}
}

@article{zhaoSamplingOnlineSocial2019,
  title = {Sampling Online Social Networks by Random Walk with Indirect Jumps},
  author = {Zhao, Junzhou and Wang, Pinghui and Lui, John C. S. and Towsley, Don and Guan, Xiaohong},
  year = {2019},
  month = jan,
  volume = {33},
  pages = {24--57},
  issn = {1573-756X},
  doi = {10.1007/s10618-018-0587-5},
  journal = {Data Min Knowl Disc}
}

@book{zhengFeatureEngineeringMachine2018,
  title = {Feature Engineering for Machine Learning: {{Principles}} and Techniques for Data Scientists},
  author = {Zheng, A. and Casari, A.},
  year = {2018},
  publisher = {{O'Reilly Media}},
  isbn = {978-1-4919-5319-8},
  keywords = {feature engineering,machine learning,technical}
}

@article{zhuMissingValueEstimation2011,
  title = {Missing {{Value Estimation}} for {{Mixed}}-{{Attribute Data Sets}}},
  author = {Zhu, Xiaofeng and Zhang, Shichao and Jin, Zhi and Zhang, Zili and Xu, Zhuoming},
  year = {2011},
  month = jan,
  volume = {23},
  pages = {110--121},
  issn = {1558-2191},
  doi = {10.1109/TKDE.2010.99},
  journal = {IEEE Transactions on Knowledge and Data Engineering},
  keywords = {Bibliographies,Classification,data mining,Data mining,Databases,estimation theory,Information science,Iterative algorithms,iterative methods,Iterative methods,Kernel,learning (artificial intelligence),Machine learning,Machine learning algorithms,machine learning.,mean square error methods,methodologies,missing data imputation,missing value estimation,mixed attribute data set,mixture kernel based iterative estimator,Root mean square,root mean square error}
}

@article{zuoWordNetworkTopic2016,
  title = {Word Network Topic Model: A Simple but General Solution for Short and Imbalanced Texts},
  shorttitle = {Word Network Topic Model},
  author = {Zuo, Yuan and Zhao, Jichang and Xu, Ke},
  year = {2016},
  month = aug,
  volume = {48},
  pages = {379--398},
  issn = {0219-1377, 0219-3116},
  doi = {10.1007/s10115-015-0882-z},
  journal = {Knowl Inf Syst}
}


